A2608800              CAIXA SEGURADORA SA 104CAIXA ECON. FEDERAL 2024090200132104DEBITO AUTOMATICO                                                    
Z1438430000000151787003800000000000000000                                                                                                             
