A2609000              CAIXA SEGURADORA SA 104CAIXA ECON. FEDERAL 2024090400651204DEBITO AUTOMATICO                                                    
F08005913001647731620     005937010005849422435  202409040000000000152140462000000298                                                      0         2
F01049746000245031620     049700130000000680775  202409040000000000337310462000000295                                                      0         2
F00009565935148631620     227400030000000749533  202409040000000000075450462000000159                                                      0         2
F08005913001616731620     005937010005849422435  202409040000000000167490462000000299                                                      0         2
F08120713000568331620     120737010005931956375  202409040000000000391970462000000020                                                      0         2
F02999393032808131621     036337010005945599081  202409050000000000093470062100000155                                                      0         2
F08028611000551831621     028637010005964508347  202409050000000000058560062100000200                                                      0         2
F00009549974285731621     385200030000000000022  202409050000000000234400062100000138                                                      0         2
F00009542878755631621     179500030000000003035  202409050000000000631760062100000137                                                      0         2
F08324011032349631621     099212880007721778213  202409050000000000076270062100000117                                                      0         2
F08346711032258331621     346737010005917620195  202409050000000001278270062100000120                                                      0         2
F08201611032233231621     201637010005900623153  202409050000000000063730062100000118                                                      0         2
F08403911032256131621     403912880007532720749  202409050000000000114470062100000116                                                      0         2
F00009571689337831621     240300030000000050726  202409050000000000814270062100000001                                                      0         2
F08295246000683231621     295237010005875639713  202409050000000000166620062100000268                                                      0         2
F08130746001265531621     130712880008544929190  202409050000000000036470062100000266                                                      0         2
F00009551724489231621     432600030000000002494  202409050000000000176700062100000140                                                      0         2
F08195811000480131621     195800010000000057088  202409050000000000136640062100000043                                                      0         2
F08488711032234131621     488712880008385269167  202409050000000000297080062100000299                                                      0         2
F08036546000853631621     321237010005919531882  202409050000000000019450062100000265                                                      0         2
F08440146032290931621     440137010005997754665  202409050000000000666850062100000003                                                      0         2
F00009557600500931621     152000030000000023153  202409050000000000078090062100000044                                                      0         2
F08036646000843731621     036637010005945491272  202409050000000000321260062100000269                                                      0         2
F08401011032244131621     401012880007526604155  202409050000000000117860062100000115                                                      0         2
F00009571051368931621     153200030000000049140  202409050000000000647120062100000067                                                      0         2
F08120611001481631621     120612880007356954665  202409050000000000022580062100000111                                                      0         2
F00008458218472031621     005500010000000641314  202409050000000000156260062100000002                                                      0         2
F08012646000965231621     012637010005953472141  202409050000000000817060062100000193                                                      0         2
F00009562491991531621     015400030000000043187  202409050000000000640780062100000048                                                      0         2
F08086007000023131621     086037010005888925892  202409050000000000313600062100000158                                                      0         2
F00009563594388031621     101100030000000041600  202409050000000000201640062100000051                                                      0         2
F08076546000958931621     076512880008610299960  202409050000000000020390062100000093                                                      0         2
F00009572361474831621     487000030000000000775  202409050000000000486600062100000050                                                      0         2
F00008470455143931621     219712880007541748022  202409050000000000117540062100000133                                                      0         2
F08354946000258631621     354900010000000220401  202409050000000000156300062100000195                                                      0         2
F08048911001011131621     048937010005941983855  202409050000000000072870062100000201                                                      0         2
F00009550315760731621     197100030000000001403  202409050000000000189490062100000139                                                      0         2
F08145246000217131621     295037010005996312553  202409050000000000152500062100000023                                                      0         2
F08485246000008131621     137437010005840500743  202409050000000000477590062100000024                                                      0         2
F00009570407432631621     007900030000000043848  202409050000000000055260062100000049                                                      0         2
F08479807000001131621     479837010005910778230  202409050000000000179530062100000157                                                      0         2
F00009563875147731621     150000030000000015488  202409050000000000044660062100000052                                                      0         2
F08332011001403731621     332037010005918494797  202409050000000000108000062100000202                                                      0         2
F01059046000383831621     059037010005939651190  202409050000000000047650062100000162                                                      0         2
F08298013032225631621     298037010005856768635  202409050000000000540170062100000092                                                      0         2
F08306313032298131621     306337010005997985330  202409050000000000095730062100000089                                                      0         2
F08283413000813631621     283437010005898789460  202409050000000000467030062100000176                                                      0         2
F08086007000023131621     086037010005888925892  202409050000000000313600062100000013                                                      0         2
F08001613032268131621     001600010000000589646  202409050000000000768470062100000233                                                      0         2
F03039211007449631621     039237010005969568755  202409050000000000014050062100000304                                                      0         2
F08022113002184131621     022137010005848230478  202409050000000000328320062100000231                                                      0         2
F08336913000226631621     336937010005820198936  202409050000000000251230062100000175                                                      0         2
F00001000176021331621     030637010005847801927  202409050000000001189220062100000010                                                      0         2
F08372511000200131621     372537010005915910455  202409050000000000046640062100000209                                                      0         2
F08042413000381531621     042437010005943418586  202409050000000000085100062100000172                                                      0         2
F08173313000815231621     173337010005901699030  202409050000000000070830062100000235                                                      0         2
F08046513032288831621     046537010005942510764  202409050000000000090090062100000232                                                      0         2
F08046111032304531621     046137010005799958574  202409050000000000023420062100000306                                                      0         2
F08087711001156831621     087712880008702006462  202409050000000000027050062100000305                                                      0         2
F08306813032270131621     306837010005998710980  202409050000000000027170062100000239                                                      0         2
F08296713032255131621     296737010005997051338  202409050000000000077000062100000236                                                      0         2
F00009560327462131621     168800030000000004137  202409050000000000122090062100000009                                                      0         2
F08081213001059731621     081237010005908415886  202409050000000000146200062100000169                                                      0         2
F00009570046659931621     227800030000000055819  202409050000000000108250062100000131                                                      0         2
F08313111000546431621     313112880007540298392  202409050000000000075180062100000208                                                      0         2
F08046711002144731621     046737010005969216964  202409050000000000051960062100000210                                                      0         2
F08070311000287931621     070337010005937799883  202409050000000000019460062100000016                                                      0         2
F08154413000371431621     154437010005903255139  202409050000000000086850062100000174                                                      0         2
F08389811005565331621     389812880008605621581  202409050000000000034220062100000311                                                      0         2
F08047107000015931621     047100010000000095028  202409050000000000264350062100000014                                                      0         2
F08252413000555631621     357337010005894283031  202409050000000000287250062100000177                                                      0         2
F08063113032335131621     063137010005938847660  202409050000000000263720062100000237                                                      0         2
F08003611032493231621     003612880008612261420  202409050000000000042280062100000312                                                      0         2
F08035113032332231621     035137010005997171260  202409050000000000072650062100000240                                                      0         2
F08089646000630631621     089637010005843579170  202409050000000000109190062100000238                                                      0         2
F08064411000305131621     064437010005960520440  202409050000000000181740062100000207                                                      0         2
F08007546032251431621     007537010005849317585  202409050000000000202650062100000276                                                      0         2
F08028013000333331621     028037010005847946941  202409050000000000349820062100000173                                                      0         2
F08090511000322131621     090537010005864452781  202409050000000000042280062100000310                                                      0         2
F08008411032460631621     381437010005893677990  202409050000000001374960062100000315                                                      0         2
F08009011032277231621     009037010005824274297  202409050000000000034220062100000309                                                      0         2
F08290313000225831621     290337010005834735254  202409050000000000095880062100000017                                                      0         2
F08043607000053331621     043600010000000299226  202409050000000000157320062100000015                                                      0         2
F00009564662315631621     458000030000000000388  202409050000000000156050062100000129                                                      0         2
F08154946032313631621     154937010005839685131  202409050000000003242840062100000273                                                      0         2
F00001000128861131621     218300130000003073533  202409050000000000163850062100000008                                                      0         2
F08032313001050731621     032337010005967114145  202409050000000000216620062100000167                                                      0         2
F08158746032253131621     158737010005883061482  202409050000000000476620062100000270                                                      0         2
F00009571035933731621     018400030000000059281  202409050000000000622980062100000066                                                      0         2
F08051146002013131621     051137010005940932114  202409050000000000032960062100000274                                                      0         2
F00001000128861131621     218300130000003073533  202409050000000000163850062100000006                                                      0         2
F08156311032827431621     156337010005825603995  202409050000000000267860062100000301                                                      0         2
F03407146007431231621     407137010005798092042  202409050000000000670250062100000267                                                      0         2
F08355011000824431621     355000010000000277212  202409050000000000049580062100000112                                                      0         2
F03039211000610531621     039237010005969568755  202409050000000000051970062100000303                                                      0         2
F08000811002211631621     000837010005976537177  202409050000000000037040062100000168                                                      0         2
F08480646032294831621     388012880008977359676  202409050000000001272390062100000271                                                      0         2
F00009571006812031621     020200030000000030794  202409050000000000722450062100000065                                                      0         2
F08101913000135231621     101900010000000017633  202409050000000000240840062100000166                                                      0         2
F00009562684792031621     364100030000000014557  202409050000000000295840062100000007                                                      0         2
F03009946000010431621     009912880007617851996  202409050000000000070640062100000275                                                      0         2
F08144911002737131621     144912880007970691588  202409050000000000131060062100000113                                                      0         2
F08011511032347631621     011537010005802298428  202409050000000000027050062100000302                                                      0         2
F08159611000059331621     159637010005839187328  202409050000000000085150062100000163                                                      0         2
F00009570100348731621     002800030000000020955  202409050000000000222190062100000132                                                      0         2
F08124013000514631621     124037010005885579365  202409050000000000017990062100000180                                                      0         2
F05740111013262031621     079012880007789171420  202409050000000000148350062100000325                                                      0         2
F08121846000513531621     121837010005822069190  202409050000000000083850062100000187                                                      0         2
F08162646001188331621     162612880007860582610  202409050000000000033380062100000185                                                      0         2
F08161246032365631621     294712880008638464191  202409050000000000709240062100000286                                                      0         2
F08039846001636531621     039837010005944357130  202409050000000000107200062100000186                                                      0         2
F01038913001081831621     038900010000000352890  202409050000000000251880062100000153                                                      0         2
F01157513001174031621     157537010005861106394  202409050000000000231820062100000148                                                      0         2
F08348046032243131621     043512880008169150386  202409050000000000201860062100000288                                                      0         2
F08039811032441931621     039837010005798698560  202409050000000001174990062100000150                                                      0         2
F01176511000270831621     176537010005838303782  202409050000000000888710062100000149                                                      0         2
F08055411010579331621     055437010005971872415  202409050000000000044270062100000214                                                      0         2
F08352513032235131621     352537010005917157711  202409050000000000348660062100000087                                                      0         2
F08408846032415431621     408837010005804442046  202409050000000000340240062100000285                                                      0         2
F08388113032227131621     388137010005870384563  202409050000000000181280062100000086                                                      0         2
F08364211000218731621     125100010000000269286  202409050000000000295050062100000215                                                      0         2
F00009571251738031621     402900000000240418085  202409040000000000066880262100000071                                                      0         2
F08294046001068231621     089300130000000816980  202409050000000000045150062100000189                                                      0         2
F08043146000909731621     043137010005846700817  202409050000000000104190062100000188                                                      0         2
F08440246000064131621     440212880007683122727  202409050000000000064310062100000191                                                      0         2
F03181646007443831621     181637010005985286980  202409050000000000044350062100000287                                                      0         2
F01044313000467031621     044337010005943039747  202409050000000000287750062100000152                                                      0         2
F01042813000482031621     042837010005846723930  202409050000000000328980062100000151                                                      0         2
F08105446000179631621     105437010005906073260  202409050000000000051920062100000190                                                      0         2
F08382213032287831621     382237010005802476873  202409050000000003717420062100000244                                                      0         2
F08375113032238731621     375100010000000230707  202409050000000000032940062100000090                                                      0         2
F00001000175948431621     016200010000000067008  202409050000000000289920062100000012                                                      0         2
F08385111032468231621     385137010005797900587  202409050000000000023420062100000308                                                      0         2
F08066011032252331621     066037010005889473340  202409050000000001395380062100000124                                                      0         2
F08270811032244131621     270837010005835431526  202409050000000001158480062100000119                                                      0         2
F08019313000366531621     465037010005827410515  202409050000000000278440062100000171                                                      0         2
F08086011032597531621     086037010005888874937  202409050000000001498510062100000314                                                      0         2
F08034911032405431621     034937010005847516211  202409050000000000363620062100000313                                                      0         2
F03474213007483231621     474237010005995221570  202409050000000000214240062100000234                                                      0         2
F08209411032232631621     388012880009131069296  202409050000000000537290062100000300                                                      0         2
F08156846032248931621     156837010005956434321  202409050000000054235880062100000229                                                      0         2
F00001000176778231621     130637010005821974360  202409050000000000373700062100000011                                                      0         2
F08105611032287531621     105637010005831420481  202409050000000001455880062100000318                                                      0         2
F08014213001682731621     014237010005953018696  202409050000000000056510062100000170                                                      0         2
F08156311032389231621     156312880008556925870  202409050000000000024300062100000307                                                      0         2
F08026246032322831621     026237010005848029756  202409050000000000574700062100000079                                                      0         2
F08019111032318831621     124537010005862572933  202409050000000001259140062100000114                                                      0         2
F08255313032235131621     255337010005899187120  202409050000000000232780062100000088                                                      0         2
F08002407000125531621     002400130000000051589  202409050000000000234600062100000159                                                      0         2
F08219246000342431621     219212880008583814099  202409050000000000056600062100000248                                                      0         2
F08336646000165131621     336600010000000005425  202409050000000000073850062100000183                                                      0         2
F08017311001348231621     017300010000000108138  202409050000000000397580062100000199                                                      0         2
F08197907000011931621     197937010005859482163  202409050000000000162280062100000160                                                      0         2
F08012611004376231621     012637010005970657286  202409050000000000152460062100000197                                                      0         2
F00009558661021531621     015400030000000043322  202409050000000000134530062100000047                                                      0         2
F08088711001907831621     064512880008746848779  202409050000000000023900062100000198                                                      0         2
F03046311000295131621     046337010005823296548  202409050000000000222440062100000196                                                      0         2
F01412346000175431621     412337010005913531651  202409050000000000101200062100000322                                                      0         2
F01042711000431231621     042712880008147886010  202409050000000000206070062100000161                                                      0         2
F00009532934230031621     026300030000000212402  202409050000000000171900062100000135                                                      0         2
F03480111000068931621     480137010005910746037  202409050000000000049850062100000323                                                      0         2
F00009558533173831621     291400030000000014345  202409050000000000304870062100000046                                                      0         2
F00009539407821331621     059800030000000009900  202409050000000000148890062100000136                                                      0         2
F00008482535013231621     128237010005862453950  202409050000000000354380062100000134                                                      0         2
F08043446000554131621     043437010005943165734  202409050000000000139660062100000194                                                      0         2
F08014446000387331621     014412880008356399341  202409050000000000030220062100000247                                                      0         2
F00009571133414131621     227200030000000059307  202409050000000000044470062100000070                                                      0         2
F00009571584107231621     401800030000000006606  202409050000000000254390062100000074                                                      0         2
F08160211001329431621     160237010005902591070  202409050000000000027830062100000221                                                      0         2
F05739111012400831621     126000010000000069960  202409050000000000112540062100000324                                                      0         2
F00009570821564131621     346600030000000001934  202409050000000000402220062100000068                                                      0         2
F08092046001670731621     092012880007625732526  202409050000000000027530062100000249                                                      0         2
F08107546000340631621     107500010000000268011  202409050000000000061670062100000184                                                      0         2
F08098111001531231621     098137010005887289631  202409050000000000140560062100000217                                                      0         2
F08044511001330331621     044512880008136968789  202409050000000000108460062100000219                                                      0         2
F08072546001692631621     072537010005937548139  202409050000000000038530062100000246                                                      0         2
F00009553175195031621     352300030000000006293  202409050000000000173650062100000141                                                      0         2
F08165646000020431621     407437010005829004271  202409050000000000178580062100000181                                                      0         2
F08038511002084131621     038512880008095677912  202409050000000000158190062100000218                                                      0         2
F00009571437589231621     055412880007878070050  202409050000000000423570462100000073                                                      0         2
F00009571253775531621     330700030000000017797  202409050000000000320920062100000072                                                      0         2
F08482446032233431621     346212880008590458324  202409050000000000140370062100000278                                                      0         2
F08097446000852531621     097412880007639708770  202409050000000000042180062100000222                                                      0         2
F08296911032234931621     133737010005930905033  202409050000000001321520062100000125                                                      0         2
F08126146000395631621     126137010005904739075  202409050000000000049840062100000277                                                      0         2
F00009570917183431621     219300030000000028976  202409050000000000513100062100000069                                                      0         2
F08009711001934131621     009737010005976289831  202409050000000000085510062100000220                                                      0         2
F08178246000093531621     178237010005860154786  202409050000000000063210062100000182                                                      0         2
F08091346001529531621     091312880008399600340  202409050000000000056800062100000250                                                      0         2
F01112111000031431621     112112880007688243441  202409050000000000102920062100000156                                                      0         2
F00009566066538331621     105300030000000016647  202409050000000000940870062100000130                                                      0         2
F08396213032237731621     046537010005846455332  202409050000000000208470062100000091                                                      0         2
F08086746032300631621     086737010005814431934  202409050000000000739650062100000102                                                      0         2
F08459111001086131621     459137010005890764655  202409050000000000037130062100000036                                                      0         2
F08001646000786931621     001637010005959926357  202409050000000000200300062100000326                                                      0         2
F00009570831492531621     018400030000000035773  202409050000000000617490062100000061                                                      0         2
F08154611000590431621     154600010000000138444  202409050000000000222360062100000033                                                      0         2
F01037513001348531621     037437010005969640049  202409050000000000302470062100000154                                                      0         2
F08440646000965931621     440612880008518380438  202409050000000000039180062100000259                                                      0         2
F08003211002482131621     003237010005968166912  202409050000000000024620062100000327                                                      0         2
F08124246032308331621     087612880008353485328  202409050000000000092390062100000105                                                      0         2
F08107511000579531621     107537010005932938737  202409050000000000028850062100000034                                                      0         2
F08016246032323131621     249437010005877554960  202409050000000000025890062100000260                                                      0         2
F08409246032237131621     388012880009210792489  202409050000000000018040062100000106                                                      0         2
F08306846000512131621     306837010005856157474  202409050000000000070640062100000104                                                      0         2
F08005511001951631621     005500010000000063418  202409050000000000255750062100000328                                                      0         2
F08154946002435131621     154937010005839685131  202409050000000002310100062100000103                                                      0         2
F08326011000081131621     326000130000000194616  202409050000000000025510062100000037                                                      0         2
F08100711000678931621     100700010000000244154  202409050000000000204350062100000035                                                      0         2
F00009570887356831621     018600030000000061457  202409050000000000393740062100000062                                                      0         2
F00009570812641031621     296200030000000023451  202409050000000000859420062100000060                                                      0         2
F08124846032267131621     124812880008606630282  202409050000000000022840062100000258                                                      0         2
F08410946001608131621     410912880008394974390  202409050000000000025010062100000257                                                      0         2
F08006211001865231621     006200130000000597350  202409050000000000046800062100000329                                                      0         2
F08039813032258631621     039812880008374091345  202409050000000000113620062100000084                                                      0         2
F08437913032268931621     437937010005817405063  202409050000000001006550062100000224                                                      0         2
F08490313032232631621     490337010005819233316  202409050000000000153670062100000241                                                      0         2
F03283713007438631621     388012880009095792485  202409050000000001072610062100000226                                                      0         2
F08159211000001131621     159237010005860937845  202409050000000000027910062100000164                                                      0         2
F01030746000006431621     030737010005947541650  202409050000000000328960062100000146                                                      0         2
F08035846032316131621     035837010005800292740  202409050000000001142990062100000272                                                      0         2
F08006746032310231621     006712880008555875518  202409050000000000019450062100000147                                                      0         2
F08308646032267231621     035400010000000258753  202409050000000000317160062100000228                                                      0         2
F08018211032332431621     018212880007757371024  202409050000000000772710062100000004                                                      0         2
F00009564623650031621     076500030000000013611  202409050000000000353820062100000128                                                      0         2
F08360413032234631621     360437010005916462189  202409050000000001419020062100000225                                                      0         2
F03163346007436231621     163337010005928089216  202409050000000000109550062100000227                                                      0         2
F08312846032293131621     160337010005902552954  202409050000000000066210062100000282                                                      0         2
F00009564664580031621     392700030000000025464  202409050000000000052750062100000127                                                      0         2
F08327411032611231621     327437010005798694433  202409050000000000772710062100000121                                                      0         2
F00008461827544531621     059437010005939630592  202409050000000000219120062100000005                                                      0         2
F01018013001062531621     018037010005984345974  202409050000000001164350062100000145                                                      0         2
F08155811000381631621     155837010005929141378  202409050000000000074440062100000165                                                      0         2
F08023511032562331621     023537010005815012285  202409050000000000772710062100000122                                                      0         2
F08153713032245131621     016137010005951930711  202409050000000000107950062100000083                                                      0         2
F08337913032332931621     128212880008154897049  202409050000000001978160062100000082                                                      0         2
F08315013032239931621     315037010005801817057  202409050000000000741050062100000081                                                      0         2
F08002946032276631621     002937010005988968615  202409050000000000058080062100000284                                                      0         2
F08176146032298131621     176137010005956578269  202409050000000000083330062100000283                                                      0         2
F00009570797137031621     221800030000000039352  202409050000000000272400062100000059                                                      0         2
F08236311001650131621     236312880007460026329  202409050000000000019820062100000298                                                      0         2
F08369813032228131621     038537010005944767533  202409050000000000133960062100000085                                                      0         2
F00009571882546931621     347200030000000010847  202409050000000000100560062100000077                                                      0         2
F00009571803843231621     355300030000000024031  202409050000000000697890062100000076                                                      0         2
F08049546032358831621     049537010005991606613  202409050000000000590670062100000289                                                      0         2
F08471507000008631621     024137010005994516291  202409050000000000224900062100000223                                                      0         2
F08068911032443531621     068937010005798611430  202409050000000000891230062100000123                                                      0         2
F08229546000776531621     001612880007823518261  202409050000000000055620062100000192                                                      0         2
F00009564060457531621     498400030000000009241  202409050000000000152180062100000126                                                      0         2
F08012446032224931621     012437010005953576354  202409050000000000089760062100000281                                                      0         2
F08359613032255431621     070100000000002843536  202409040000000001025600262100000243                                                      0         2
F08295811002535731621     295837010005875571361  202409050000000000033630062100000291                                                      0         2
F00009557745472931621     498400030000000009241  202409050000000000131020062100000142                                                      0         2
F08313946032236731621     313900010000000209719  202409050000000000306940062100000279                                                      0         2
F08104146002333131621     104137010005886800316  202409050000000000022370062100000253                                                      0         2
F01003711001308931621     003700010000000254258  202409050000000000044870062100000144                                                      0         2
F08056411002184831621     056412880008391996326  202409050000000000047180062100000292                                                      0         2
F08068146001631931621     068137010005938049446  202409050000000000038330062100000251                                                      0         2
F08296913000887931621     296937010005875476440  202409050000000000113230062100000080                                                      0         2
F00009571675377031621     046200030000000016893  202409050000000000238050062100000075                                                      0         2
F00009572447079031621     414300030000000026283  202409050000000009045960062100000078                                                      0         2
F08202311001196831621     498937010005880216248  202409050000000000037290062100000290                                                      0         2
F01001311000147431621     001337010005973746344  202409050000000000845810062100000143                                                      0         2
F08100946032290231621     100937010005933919299  202409050000000000083190062100000280                                                      0         2
F08121846000741331621     121837010005885664761  202409050000000000079320062100000252                                                      0         2
F08208611001727131621     208612880008543906693  202409050000000000036720062100000297                                                      0         2
F03175711000879831621     175712880007548767251  202409050000000000011370062100000296                                                      0         2
F08488611001205131621     488612880009097524950  202409050000000000019310062100000295                                                      0         2
F08010011000626131621     010037010005954121059  202409050000000000144670062100000294                                                      0         2
F08124711001627131621     302812880007721839794  202409050000000000030640062100000293                                                      0         2
F08324011032350131621     158737010005883070023  202409050000000000076270062100000331                                                      0         2
F08070846000268231621     070812880007714436540  202409050000000000060000062100000245                                                      0         2
F03446111000140331621     344437010005827856181  202409050000000000041110062100000212                                                      0         2
F03159511007603331621     159537010005800071272  202409050000000001022810062100000317                                                      0         2
F01330813000162231621     330837010005832353117  202409050000000000108810062100000321                                                      0         2
F08323013000026131621     323000010000000021447  202409050000000000171590062100000179                                                      0         2
F08320146000191831621     320100010000000012679  202409050000000000138810062100000022                                                      0         2
F08048346001046231621     048337010005958107654  202409050000000000083380062100000020                                                      0         2
F08046711002144731621     046737010005969216964  202409050000000000051960062100000211                                                      0         2
F08326146000479131621     326137010005895496845  202409050000000000056640062100000019                                                      0         2
F08047613032242531621     047637010005942286112  202409050000000000222920062100000242                                                      0         2
F08241911032229431621     241937010005877766852  202409050000000002640130062100000319                                                      0         2
F00009559604797131621     036000030000000016856  202409050000000000072390062100000045                                                      0         2
F08048111000395931621     048137010005966400497  202409050000000000055550062100000213                                                      0         2
F08294046001068231621     089300130000000816980  202409050000000000045150062100000021                                                      0         2
F08032446000796631621     032437010005847694543  202409050000000000042560062100000018                                                      0         2
F08146013000315931621     146037010005884195962  202409050000000000076870062100000178                                                      0         2
F01307746000050031621     149937010005840078715  202409050000000000155710062100000320                                                      0         2
F03113511007459731621     113537010005886126488  202409050000000000510620062100000316                                                      0         2
F08159811001802231621     159800130000000645424  202409050000000000151850062100000216                                                      0         2
F00009570964355831621     021800030000000000353  202409050000000000431390062100000064                                                      0         2
F08352146032229731621     352137010005894552180  202409050000000000333320062100000262                                                      0         2
F00009568439019831621     491600030000000008015  202409050000000000063830062100000041                                                      0         2
F08017911001376731621     017900010000000130497  202409050000000000039840062100000040                                                      0         2
F08051711000245131621     051700010000000242550  202409050000000000030020062100000042                                                      0         2
F08233246032391631621     233237010005998466116  202409050000000002633590062100000108                                                      0         2
F08401011002310831621     401037010005829654489  202409050000000000025010062100000110                                                      0         2
F08026313032287131621     181337010005926990854  202409050000000000764130062100000330                                                      0         2
F00009572338662131621     021800030000000000353  202409050000000011120540062100000063                                                      0         2
F08189746032424731621     189737010005801186413  202409050000000001383520062100000109                                                      0         2
F08445011000183431621     445037010005912027496  202409050000000000128530062100000039                                                      0         2
F08201046032258831621     201012880008369302449  202409050000000000029630062100000263                                                      0         2
F08356846032253631621     356812880008497318011  202409050000000000021890062100000264                                                      0         2
F08437911000159331621     131600010000000059110  202409050000000000188850062100000038                                                      0         2
F08408846032453731621     408837010005853040053  202409050000000006993900062100000107                                                      0         2
F08041246002825731621     041237010005975000420  202409050000000000031630062100000096                                                      0         2
F00009566720870031621     326200030000000003750  202409050000000000259960062100000053                                                      0         2
F08101611002152331621     034737010005980852782  202409050000000000022360062100000205                                                      0         2
F08178011000463331621     035912880008106863997  202409050000000000035730062100000027                                                      0         2
F08338946001634631621     338937010005918125929  202409050000000000021890062100000097                                                      0         2
F08037711002062131621     037700010000000294020  202409050000000000164860062100000028                                                      0         2
F08016246032414731621     016237010005816888915  202409050000000000029630062100000095                                                      0         2
F08093846032253331621     093837010005819027597  202409050000000000039260062100000098                                                      0         2
F08005013000604431621     005037010005955247811  202409050000000000102430062100000230                                                      0         2
F00009566783014231621     290200030000000009974  202409050000000000084680062100000054                                                      0         2
F08034511001482631621     034537010005958727482  202409050000000000110960062100000203                                                      0         2
F08077646032354831621     077612880007627474672  202409050000000000018750062100000261                                                      0         2
F03198911000696631621     380837010005853741574  202409050000000000037030062100000204                                                      0         2
F08220611000025131621     220637010005924219646  202409050000000000078140062100000026                                                      0         2
F08081211002653631621     081237010005908415886  202409050000000000027990062100000206                                                      0         2
F08331846000214131621     331837010005895246245  202409050000000000045270062100000094                                                      0         2
F08491746000925731621     491737010005826501029  202409050000000000095780062100000099                                                      0         2
F00009570339753931621     040300030000000026978  202409050000000000479340062100000055                                                      0         2
F08029046001732731621     029012880009608524771  202409050000000000045060062100000254                                                      0         2
F08217546032240631621     217512880008017190644  202409050000000000073130062100000255                                                      0         2
F08226211000830831621     226237010005836230656  202409050000000000024880062100000030                                                      0         2
F08344611000457131621     344637010005854797220  202409050000000000029430062100000031                                                      0         2
F00009570308262731621     304800030000000020880  202409050000000000128190062100000057                                                      0         2
F08200011001353831621     200037010005925407268  202409050000000000104280062100000032                                                      0         2
F00009570504834531621     132700030000000027923  202409050000000000941170062100000058                                                      0         2
F08072146000507731621     072137010005865223735  202409050000000000025600062100000100                                                      0         2
F08459546000468531621     459512880008013781214  202409050000000000248710062100000101                                                      0         2
F08065346032358531621     302737010005833852389  202409050000000000032780062100000256                                                      0         2
F08401011000672631621     401037010005829654489  202409050000000000028320062100000029                                                      0         2
F00009570678859831621     094500030000000000305  202409050000000000180470062100000056                                                      0         2
F08137446032843831622     425400000000010703329  202409050000000000705930062200000320                                                      0         2
F08088846032354831622     607800000000000687230  202409050000000001432030062200000263                                                      0         2
F03321246007444631622     015600000000010099713  202409050000000004303490062200000287                                                      0         2
F08033246032283831622     014500000000007696957  202409050000000000455560062200000104                                                      0         2
F08298311032400231622     219000000000000167525  202409050000000001129400062200000135                                                      0         2
Z0003420000000000000000000000000018851289                                                                                                             
