A2613100              CAIXA SEGURADORA SA 104CAIXA ECON. FEDERAL 2024090500404304DEBITO AUTOMATICO                                                    
Z0000030000000000002175600000000000000000                                                                                                             
