A2608800              CAIXA SEGURADORA SA 104CAIXA ECON. FEDERAL 2024112600137604DEBITO AUTOMATICO
F00001000008827529821     039000130000000819437  202411260000000000187130082100000816                                                   0001         0
F00001000014097429815     071300010000000008480  202411260000000000275210081500000013                                                   0001         0
F00001000014097429815     071300010000000008480  202411260000000000275210081500000014                                                   0001         0
F00001000038283829821     097500010000001522892  202411260000000000316870082100003568                                                   0001         0
F00001000040049029821     139900010000001002408  202411260000000000295470082100003572                                                   0001         0
F00001000042889129821     425000030000009003903  202411260000000000237270082100003583                                                   0001         0
F00001000042889429821     139900010000001039921  202411260000000000174970082100003584                                                   0001         0
F00001000042923029821     093200080000145073314  202411260000000000093430082100003585                                                   0001         0
F00001000042938429821     097500010000001500538  202411260000000000210740082100003587                                                   0001         0
F00001000043011829821     138600010000001213882  202411260000000000233750082100003590                                                   0001         0
Z0061470000000008479102200000000000000000
