A2613100              CAIXA SEGURADORA SA 104CAIXA ECON. FEDERAL 2024090500404304DEBITO AUTOMATICO                                                    
F00009300011562200007     040100130000000501419  202409050000000000217560000700000001                                                   0001         0
Z0000030000000000002175600000000000000000                                                                                                             
