A2609000              CAIXA SEGURADORA SA 104CAIXA ECON. FEDERAL 2024112500656704DEBITO AUTOMATICO
F08033811032338931674     033837010005797883054  202411250000000000031930467400000259                                                      0         2
F08150046032324931675     150037010005850812810  202411260000000000027660067500000416                                                      0         2
F00009564052972731675     194312920005790014557  202411260000000000157390067500000530                                                      0         2
F00008482280541431675     064200010000000057460  202411260000000000294520067500000006                                                      0         2
F08080346001318331675     080300010000000012819  202411260000000000043280067500000120                                                      0         2
F08313846000547931675     006837010005965298699  202411260000000000039330067500000121                                                      0         2
F08327146000393831675     327137010005918936633  202411260000000000059320067500000339                                                      0         2
F08315546000353131675     008100010000000017558  202411260000000000053900067500000405                                                      0         2
F08464646000299131675     464612880007537599034  202411260000000000031600067500000340                                                      0         2
F00009570333340931675     056512920005773120450  202411260000000000041870067500000228                                                      0         2
F08054211001993131675     054200010000000244320  202411260000000000030410067500000161                                                      0         2
F08065711032497631675     065737010005825322988  202411260000000000518190067500000528                                                      0         2
F08409511001254731675     409537010005829194879  202411260000000000133440067500000160                                                      0         2
F09999393001742831675     416700010000002026935  202411260000000000158660067500000068                                                      0         2
F08092211001177131675     092212880008697882634  202411260000000000038770267500000473                                                      0         2
F08316246000087931675     316200010000000229499  202411260000000000182690067500000135                                                      0         2
F08130011007406931675     130037010008758648699  202411260000000000033920067500000211                                                      0         2
F02999393016983831675     054200010000000244320  202411260000000000041330067500000067                                                      0         2
F08216146000529131675     216137010005924405610  202411260000000000034810067500000338                                                      0         2
F08301011032240131675     321637010005832806723  202411260000000000044120067500000526                                                      0         2
F08092211001177131675     092212880008697882634  202411260000000000040930267500000465                                                      0         2
F08254046000317631675     243700010000000037001  202411260000000000225670067500000136                                                      0         2
F08220146032243331675     220137010005996580388  202411260000000000057610067500000422                                                      0         2
F00001000046782831675     072500010000000063037  202411260000000000193660067500000005                                                      0         2
F08378846000268731675     378800010000000225578  202411260000000000231490067500000406                                                      0         2
F08092211001177131675     092212880008697882634  202411260000000000040930267500000472                                                      0         2
F03200211001189131675     200200010000000057370  202411260000000000258660067500000527                                                      0         2
F00009562550500631675     306512920005780383169  202411260000000000405280067500000189                                                      0         2
F08092211001177131675     092212880008697882634  202411260000000000038770267500000474                                                      0         2
F08410346032334131675     410337010005957172240  202411260000000000089370067500000421                                                      0         2
F08092211001177131675     092212880008697882634  202411260000000000038770267500000463                                                      0         2
F00009562065739831675     160100030000000026934  202411260000000000065990067500000188                                                      0         2
F08130311000287931675     130337010005885163045  202411260000000000034090067500000210                                                      0         2
F08092211001177131675     092212880008697882634  202411260000000000038770267500000464                                                      0         2
F08298411032306331675     298437010005799098451  202411260000000001293510067500000529                                                      0         2
F08092211001177131675     092212880008697882634  202411260000000000038770267500000475                                                      0         2
F08078046002435231675     078012880008500816099  202411260000000000024720067500000341                                                      0         2
F09999393014336931675     065900010000000004725  202411260000000000040390067500000069                                                      0         2
F00009571358623731675     288512920005780717032  202411260000000000220530067500000251                                                      0         2
F00009571369324631675     298712920005780543387  202411260000000000606450067500000252                                                      0         2
F08288413032271631675     288437010005997492377  202411260000000000245610067500000317                                                      0         2
F00009572773439031675     020100030000000024268  202411260000000004265280067500000046                                                      0         2
F08076446001430431675     076412880008610309418  202411260000000000019450067500000366                                                      0         2
F08051413032237531675     051437010005998362140  202411260000000000173300067500000319                                                      0         2
F08372246032241731675     372237010005853910880  202411260000000000192550067500000434                                                      0         2
F08076446001430431675     076412880008610309418  202411260000000000019450067500000363                                                      0         2
F08185546032248631675     185537010005996782681  202411260000000000083280067500000436                                                      0         2
F00009572769505031675     316812920005776320638  202411260000000000559080067500000047                                                      0         2
F08009611032374331675     009637010005816793876  202411260000000001128130067500000024                                                      0         2
F08038611004111131675     038637010005964067677  202411260000000000150980067500000514                                                      0         2
F00009571386819431675     153600030000000017339  202411260000000000130890067500000254                                                      0         2
F08341913032278331675     056637010005963510976  202411260000000000070720067500000316                                                      0         2
F08100846032283131675     100837010005996595113  202411260000000000036180067500000437                                                      0         2
F08098246032310331675     098237010005887241442  202411260000000001679660067500000048                                                      0         2
F08178513032251831675     178537010005850066540  202411260000000000020250067500000025                                                      0         2
F08163213000507831675     163237010005902141229  202411260000000000100070067500000098                                                      0         2
F08076446001430431675     076412880008610309418  202411260000000000019450067500000362                                                      0         2
F00009571353862331675     306512920005780383169  202411260000000000438750067500000250                                                      0         2
F08178813000146531675     178800010000000241810  202411260000000000225590067500000097                                                      0         2
F00009571334614731675     298712920005780551894  202411260000000000806480067500000249                                                      0         2
F08236213032232231675     236212880008099585362  202411260000000000007290067500000028                                                      0         2
F08009746032293131675     009737010005954186037  202411260000000000306900067500000435                                                      0         2
F08076446001430431675     076412880008610309418  202411260000000000019450067500000365                                                      0         2
F00009572769766431675     293612920005777498392  202411260000000001019040067500000045                                                      0         2
F00009571375427031675     018100030000000051802  202411260000000000073290067500000253                                                      0         2
F08085246032353931675     085237010005998474410  202411260000000000059060067500000433                                                      0         2
F08060013000545731675     060037010005845493613  202411260000000000296920067500000095                                                      0         2
F08323311001148331675     323312880007540944448  202411260000000000038970067500000486                                                      0         2
F08354811001587731675     354837010008704194355  202411260000000000050710067500000493                                                      0         2
F08108346000316431675     108300010000000223682  202411260000000000077350067500000116                                                      0         2
F08366813000172431675     366837010005830650041  202411260000000000272380067500000201                                                      0         2
F00009572063215031675     033200030000000042480  202411260000000000254390067500000272                                                      0         2
F08120711004179131675     120712880007934696044  202411260000000000051390067500000491                                                      0         2
F00009572684778631675     238212920005776880722  202411260000000005891040067500000275                                                      0         2
F00009571422034131675     019712920005773298062  202411260000000000558490067500000273                                                      0         2
F00009569438381031675     104500030000000035605  202411260000000000045140067500000222                                                      0         2
F00009571439080831675     053212920005784565318  202411260000000000403010067500000274                                                      0         2
F08108511000819831675     108512880009258552666  202411260000000000065580067500000490                                                      0         2
F08210211000905331675     027837010005836903120  202411260000000000030780067500000489                                                      0         2
F08446646032274131675     446637010005991159897  202411260000000000157970067500000417                                                      0         2
F05739211008744831675     107400010000000058348  202411260000000000219850067500000082                                                      0         2
F00009568175578031675     411900030000000020985  202411260000000000056080067500000220                                                      0         2
F00009568834766131675     084000030000009009886  202411260000000000115000067500000221                                                      0         2
F00009570025492331675     411912920005787883078  202411260000000000098430067500000224                                                      0         2
F08003611003456131675     003612880008763596766  202411260000000000040580067500000206                                                      0         2
F08429046032287331675     429012880007782485593  202411260000000000642400067500000021                                                      0         2
F08306113032236331675     306137010005825657173  202411260000000000041140067500000312                                                      0         2
F08174611001253931675     174637010005927230810  202411260000000000061200067500000153                                                      0         2
F08045746000676831675     045737010005942785950  202411260000000000027870067500000114                                                      0         2
F08386213000129931675     386237010005893450015  202411260000000000115400067500000202                                                      0         2
F08002707000025331675     002712880007833729397  202411260000000000590930067500000200                                                      0         2
F08078011003852431675     078012880008586164664  202411260000000000030700067500000488                                                      0         2
F08041411004266431675     041437010005943781982  202411260000000000023360067500000492                                                      0         2
F01034311000706631675     034337010005961512939  202411260000000000912830067500000081                                                      0         2
F00009568073567031675     411912920005787881989  202411260000000000066650067500000219                                                      0         2
F08105111002741431675     105100130000000870091  202411260000000000024430067500000154                                                      0         2
F08224411000505131675     224412880007529048385  202411260000000000113040067500000152                                                      0         2
F08070513032226331675     070500010000000213293  202411260000000001652250067500000277                                                      0         2
F08106911002097831675     106912880008380359389  202411260000000000036880067500000494                                                      0         2
F08379246032300731675     379200010000000207844  202411260000000000204700267500000278                                                      0         2
F08068911032475331675     068937010005794528180  202411260000000000257570067500000495                                                      0         2
F08064311001278831675     289337010005834797950  202411260000000000224220067500000205                                                      0         2
F08092011003398131675     092012880008553641773  202411260000000000031570067500000485                                                      0         2
F01068213000134931675     068200010000000004712  202411260000000000399680067500000010                                                      0         2
F00009570540134731675     070500030000000023911  202411260000000000040970067500000231                                                      0         2
F08019713000819831675     019712880008196678280  202411260000000000137690067500000286                                                      0         2
F08014111000301231675     014137010005866125419  202411260000000000057350067500000163                                                      0         2
F00009570775889731675     154912920005782241884  202411260000000000791930067500000234                                                      0         2
F08104146001918931675     104137010005886806268  202411260000000000060000067500000345                                                      0         2
F08209211000255431675     209200010000000002700  202411260000000000189470067500000166                                                      0         2
F00009570806033831675     074312920005783920556  202411260000000000299270067500000235                                                      0         2
F08158313000874131675     086737010005935761064  202411260000000000118930067500000301                                                      0         2
F08195611032274131675     195612880007892471597  202411260000000000055700067500000503                                                      0         2
F01415713000110031675     008337010005984697471  202411260000000000521540067500000008                                                      0         2
F08211213000338431675     211237010005859083528  202411260000000000138320067500000287                                                      0         2
F08008246001846131675     148612880007719472870  202411260000000000060000067500000344                                                      0         2
F01041813000763631675     041800010000000185613  202411260000000000626870067500000009                                                      0         2
F08071311032256131675     071312880008908599485  202411260000000000036520067500000504                                                      0         2
F07023513028490431675     209737010005970226790  202411260000000000419250067500000288                                                      0         2
F01101113000950031675     101100010000000022650  202411260000000000288520067500000011                                                      0         2
F08167613000476631675     167600010000000284405  202411260000000000182420067500000285                                                      0         2
F08298211001189831675     097200010000000286226  202411260000000000142570067500000502                                                      0         2
F00009570951279831675     039912920005792604025  202411260000000000042990067500000258                                                      0         2
F08326946032270531675     326937010005800740492  202411260000000000045120067500000427                                                      0         2
F08435313000273731675     435337010005852321873  202411260000000000083950067500000284                                                      0         2
F08069011000686131675     069012880007751483947  202411260000000000141060067500000501                                                      0         2
F08112113032248331675     112137010005799080595  202411260000000001421710067500000289                                                      0         2
F08064246032516731675     064237010005796529516  202411260000000000937760067500000012                                                      0         2
F03366046000028631675     366037010005871106320  202411260000000000092190067500000424                                                      0         2
F00009567411627131675     055600030000000033357  202411260000000000040970067500000215                                                      0         2
F08092211001177131675     092212880008697882634  202411260000000000038770267500000462                                                      0         2
F00009562391398031675     049000030000000030929  202411260000000000305010067500000007                                                      0         2
F08195646000941331675     195637010005900902672  202411260000000000225230067500000420                                                      0         2
F00009563780550631675     329612920005779983123  202411260000000000298210067500000212                                                      0         2
F00009567025010031675     480800030000000005990  202411260000000000166020067500000208                                                      0         2
F00009570470380331675     041412920005792549920  202411260000000000043680067500000230                                                      0         2
F08222811032254131675     110812880007843489275  202411260000000000027510067500000497                                                      0         2
F08299346032314231675     299337010005824495293  202411260000000000120430067500000281                                                      0         2
F08415111000791231675     415112880005913006360  202411260000000000024460067500000499                                                      0         2
F08291046032311531675     291037010005849972168  202411260000000000023720067500000419                                                      0         2
F08408411001173131675     408437010005922277843  202411260000000000025530067500000207                                                      0         2
F00009570393840831675     079900030000000013358  202411260000000000180470067500000226                                                      0         2
F08294111000330831675     294137010005875819061  202411260000000000032790067500000159                                                      0         2
F08379911001014731675     379912880008541724423  202411260000000000032740067500000500                                                      0         2
F00001000009496631675     004500010000003177169  202411260000000000179390067500000004                                                      0         2
F08024711002491131675     024737010005964656710  202411260000000000013070067500000157                                                      0         2
F08013446032264531675     438537010005828272329  202411260000000000672540067500000279                                                      0         2
F00009570070719731675     411912920005778897819  202411260000000000068120067500000225                                                      0         2
F08077313000402931675     077300010000000281540  202411260000000000092280067500000283                                                      0         2
F08278011032460931675     278012880008607474799  202411260000000000040630067500000498                                                      0         2
F08449411000422331675     414037010005913343669  202411260000000000033820067500000209                                                      0         2
F08446646032274131675     446637010005991159897  202411260000000000157970067500000418                                                      0         2
F08200111001126631675     200100010000000249270  202411260000000000112180067500000158                                                      0         2
F00009570338916131675     095112920005783285176  202411260000000002130320067500000229                                                      0         2
F08053211032268831675     053237010005845963962  202411260000000000034280067500000003                                                      0         2
F08161146001466331675     161137010005860741339  202411260000000000021690067500000423                                                      0         2
F03475811007459131675     475837010005866559443  202411260000000000033400067500000496                                                      0         2
F08105446032230431675     105437010005850286175  202411260000000000127250067500000280                                                      0         2
F08054211001807231675     054200010000000244320  202411260000000000025260067500000162                                                      0         2
F08295813000911131675     295800010000000327029  202411260000000000141210067500000282                                                      0         2
F08409146000701931675     409100010000000315937  202411260000000000144090067500000137                                                      0         2
F08458846032267631675     458837010005991326653  202411260000000000150460067500000412                                                      0         2
F08032646002201531675     032600010000000364330  202411260000000000133220067500000404                                                      0         2
F08029346002831531675     029337010005847866735  202411260000000000092380067500000428                                                      0         2
F08070246001306531675     070200010000000294521  202411260000000000023830067500000337                                                      0         2
F08140046001047331675     293500010000000261812  202411260000000000074150067500000133                                                      0         2
F08209946000169431675     209900010000000216929  202411260000000000049590067500000125                                                      0         2
F08301546032288631675     301537010005850696845  202411260000000000212190067500000401                                                      0         2
F00009560270443631675     194900030000000019051  202411260000000000184420067500000187                                                      0         2
F08039146000036431675     039137010005983451320  202411260000000000092060067500000131                                                      0         2
F08092211001177131675     092212880008697882634  202411260000000000040930267500000466                                                      0         2
F08354546000525631675     354512880008598209110  202411260000000000039920067500000336                                                      0         2
F08409246000169831675     409200010000000230554  202411260000000000090270067500000124                                                      0         2
F00001002043757931675     363500010000000000123  202411260000000000105380067500000065                                                      0         2
F08055146032488131675     388012880007292527788  202411260000000000572130067500000403                                                      0         2
F08465546000509331675     465512880008511074080  202411260000000000053650067500000342                                                      0         2
F01004111000705231675     004100010000000613683  202411260000000000534290067500000087                                                      0         2
F08349011032231631675     349012880007552258986  202411260000000000194170067500000524                                                      0         2
F08092211001177131675     092212880008697882634  202411260000000000040930267500000467                                                      0         2
F08307146032352231675     441512880007695376290  202411260000000000039180067500000385                                                      0         2
F08028511032259131675     028537010005991674287  202411260000000000107670067500000525                                                      0         2
F02999393031144831675     051300010000000267551  202411260000000000217980067500000064                                                      0         2
F08215946000124131675     215900010000000212457  202411260000000000093950067500000134                                                      0         2
F08043346000623131675     043300010000000292888  202411260000000000095640067500000132                                                      0         2
F00009558948600031675     194900030000000019051  202411260000000000132640067500000186                                                      0         2
F08161846032300131675     120737010005841456489  202411260000000000165760067500000402                                                      0         2
F00001000177011831675     197900010000000034406  202411260000000002099950067500000066                                                      0         2
F08067446000871231675     067400010000000300431  202411260000000000150990067500000123                                                      0         2
F08092211001177131675     092212880008697882634  202411260000000000038770267500000460                                                      0         2
F08092211001177131675     092212880008697882634  202411260000000000020360267500000455                                                      0         2
F08092211001177131675     092212880008697882634  202411260000000000038770267500000454                                                      0         2
F08191411002046331675     191412880008685060174  202411260000000000026910067500000452                                                      0         2
F00009568621742631675     409512920005778948383  202411260000000000265780067500000535                                                      0         2
F08393911001512131675     393912880008597573455  202411260000000000037180067500000481                                                      0         2
F00009564681234031675     440112920005772132829  202411260000000000127420067500000534                                                      0         2
F08092211001177131675     092212880008697882634  202411260000000000020360267500000480                                                      0         2
F08092211001177131675     092212880008697882634  202411260000000000020360267500000479                                                      0         2
F08050211002699831675     050212880008495774370  202411260000000000043400067500000482                                                      0         2
F08415546032281131675     415537010005997245620  202411260000000000042130067500000415                                                      0         2
F08373613000147131675     373600010000000215846  202411260000000000068620067500000109                                                      0         2
F08092211001177131675     092212880008697882634  202411260000000000038770267500000457                                                      0         2
F08092211001177131675     092212880008697882634  202411260000000000038770267500000456                                                      0         2
F08092846001116631675     299537010005836557744  202411260000000000083900067500000407                                                      0         2
F08093811000542331675     093812880008273795355  202411260000000000025390067500000451                                                      0         2
F08061946000500131675     061900010000000046330  202411260000000000550590067500000138                                                      0         2
F08096846032274831675     096837010005866545710  202411260000000000053910067500000414                                                      0         2
F08110446032232131675     110437010005822183766  202411260000000000088240067500000413                                                      0         2
F08122346000151931675     122312880008165779255  202411260000000000068850067500000119                                                      0         2
F08092211001177131675     092212880008697882634  202411260000000000038770267500000476                                                      0         2
F02999393024213631675     021237010005978592892  202411260000000000119630067500000070                                                      0         2
F08104011001379531675     104012880008673562943  202411260000000000027230067500000484                                                      0         2
F03082311000108131675     104637010005906175055  202411260000000000029760067500000483                                                      0         2
F08031313000424131675     031337010005847769535  202411260000000000302400067500000110                                                      0         2
F08092211001177131675     092212880008697882634  202411260000000000038770267500000458                                                      0         2
F08092211001177131675     092212880008697882634  202411260000000000038770267500000459                                                      0         2
F08111146001277431675     111112880007868113856  202411260000000000113720067500000408                                                      0         2
F08092211001177131675     092212880008697882634  202411260000000000038770267500000461                                                      0         2
F08084646000003231675     084600010000000218985  202411260000000000127960067500000111                                                      0         2
F08394846001395131675     394812880008330515255  202411260000000000066650067500000113                                                      0         2
F08315246001365531675     315200010000000401270  202411260000000000056290067500000409                                                      0         2
F00009564623539331675     064512920005784186260  202411260000000000260560067500000533                                                      0         2
F08092211001177131675     092212880008697882634  202411260000000000020360267500000478                                                      0         2
F00009565344461031675     037700030000000039417  202411260000000000151150067500000532                                                      0         2
F08092211001177131675     092212880008697882634  202411260000000000020360267500000477                                                      0         2
F00009564463119431675     058600030000000005039  202411260000000000065850067500000531                                                      0         2
F08314146000071131675     314137010005874063877  202411260000000000138670067500000139                                                      0         2
F08012646032518131675     148812880007699753721  202411260000000003384820067500000442                                                      0         2
F08285013032226631675     285012880008064577770  202411260000000000153930067500000300                                                      0         2
F00009571124732031675     020212920005785382055  202411260000000000348170067500000243                                                      0         2
F08407713032243831675     407700010000000281319  202411260000000001046770067500000294                                                      0         2
F08385111032239631675     385137010005853617814  202411260000000000023420067500000509                                                      0         2
F08007911002380431675     007937010005954682220  202411260000000000063350067500000171                                                      0         2
F00009570959490531675     081612920005773013831  202411260000000000952010067500000239                                                      0         2
F08036711000257831675     036737010005983555630  202411260000000000017940067500000169                                                      0         2
F00009571257754431675     095412920005772963747  202411260000000000453360067500000246                                                      0         2
F03096913007433931675     126412880008133632623  202411260000000000249420067500000304                                                      0         2
F08069146000626431675     069137010005865361860  202411260000000000038360067500000348                                                      0         2
F08033246032637131675     030037010005823774482  202411260000000000188860067500000350                                                      0         2
F03188313007434131675     188337010005850334170  202411260000000000221140067500000292                                                      0         2
F08056246032381231675     056237010005802755969  202411260000000001005690067500000023                                                      0         2
F08159513000457131675     159537010005839185848  202411260000000000166110067500000306                                                      0         2
F08290113032250731675     388012880008910337328  202411260000000000068380067500000015                                                      0         2
F00009571272455531675     286200030000000023377  202411260000000000267100067500000247                                                      0         2
F01179146000190431675     179137010005927040418  202411260000000000040330067500000088                                                      0         2
F08187913032255231675     187937010005997388774  202411260000000000091120067500000305                                                      0         2
F08110413000203931675     034837010005946186970  202411260000000000227940067500000293                                                      0         2
F08034911032340631675     336612880007672183797  202411260000000000023420467500000508                                                      0         2
F08103846002739431675     103837010005933442778  202411260000000000021930067500000349                                                      0         2
F03387546007438831675     042037010005846808448  202411260000000002177830067500000022                                                      0         2
F00009570939499031675     153600030000000017339  202411260000000000110310067500000238                                                      0         2
F00009570992738631675     363000030000000013518  202411260000000000186820067500000240                                                      0         2
F08339113032313131675     339137010005850259437  202411260000000000166790067500000014                                                      0         2
F08273111000145331675     273137010005899072276  202411260000000000190450067500000170                                                      0         2
F08038011000345831675     038000010000000302061  202411260000000000122040067500000092                                                      0         2
F08187346000702331675     187337010005837893535  202411260000000000086000067500000430                                                      0         2
F08398446000261131675     037400010000000190511  202411260000000000222060067500000410                                                      0         2
F08076446001430431675     076412880008610309418  202411260000000000213990067500000357                                                      0         2
F08050646032261131675     050612880007958644460  202411260000000000167340067500000431                                                      0         2
F08142546032272131675     142537010005884249914  202411260000000000130730067500000019                                                      0         2
F08123511032236131675     123537010005905039859  202411260000000000023420067500000513                                                      0         2
F08076446001430431675     076412880008610309418  202411260000000000019450067500000360                                                      0         2
F08048813000501631675     048837010005942055579  202411260000000000129830067500000297                                                      0         2
F00009571258301331675     097900030000000010314  202411260000000000175520067500000245                                                      0         2
F08076446001430431675     076412880008610309418  202411260000000000019450067500000358                                                      0         2
F08342813032314231675     342837010005824615353  202411260000000000092440067500000309                                                      0         2
F08036513000049331675     036500010000000147790  202411260000000000238620067500000094                                                      0         2
F03415813007436931675     415837010005825885389  202411260000000000030500067500000299                                                      0         2
F08076446001430431675     076412880008610309418  202411260000000000019450067500000359                                                      0         2
F08339713032234731675     339737010005872804217  202411260000000000133550067500000313                                                      0         2
F08157846032265631675     157837010005902713192  202411260000000000140710067500000355                                                      0         2
F00009571321594831675     168612920005790297630  202411260000000000438790067500000248                                                      0         2
F00009541071634731675     320400030000000000312  202411260000000000171800067500000093                                                      0         2
F08064411000013631675     064437010005982679484  202411260000000000027170067500000090                                                      0         2
F01239811000125231675     154500010000000017129  202411260000000000174890067500000091                                                      0         2
F00009549190027531675     234612920005781043027  202411260000000000079290067500000173                                                      0         2
F08489146032240331675     489137010005866272721  202411260000000000089040067500000432                                                      0         2
F08415846032252131675     415837010005910017485  202411260000000000092710067500000020                                                      0         2
F00009539201625331675     089312920005783493666  202411260000000000591530067500000089                                                      0         2
F00009571231344031675     151012920005782370935  202411260000000000422310067500000244                                                      0         2
F08452046000438131675     223437010005911824651  202411260000000000269480067500000429                                                      0         2
F08029213032259931675     029237010005826065962  202411260000000000160640067500000314                                                      0         2
F08012446032311331675     012437010005953584322  202411260000000000031110067500000356                                                      0         2
F08076446001430431675     076412880008610309418  202411260000000000019450067500000361                                                      0         2
F08337913032280231675     337937010005956847022  202411260000000000346780067500000315                                                      0         2
F08318913032248331675     318937010005956885145  202411260000000000080370067500000310                                                      0         2
F08498513032250931675     310037010005896808484  202411260000000000192970067500000298                                                      0         2
F08011313032343231675     011337010005816188964  202411260000000000044010067500000311                                                      0         2
F08253846032267931675     133412880007724737984  202411260000000000040200067500000375                                                      0         2
F08091913000462131675     091937010005864347627  202411260000000000752230067500000096                                                      0         2
F03064746007486331675     388012880009191999036  202411260000000001531540067500000035                                                      0         2
F08065613032231831675     437312880007707776420  202411260000000000174190067500000318                                                      0         2
F08076446001430431675     076412880008610309418  202411260000000000019450067500000364                                                      0         2
F08456111000898931675     108612880007623435281  202411260000000000023420067500000515                                                      0         2
F08076446001430431675     076412880008610309418  202411260000000000019450067500000354                                                      0         2
F08300946032319531675     300937010005850362920  202411260000000000041600067500000440                                                      0         2
F01324113000426031675     324100130000000050564  202411260000000000114160067500000051                                                      0         2
F03012413007430331675     012437010005953601383  202411260000000000289750067500000307                                                      0         2
F00009571111975531675     018200030000000036361  202411260000000000173870067500000242                                                      0         2
F08092046032402931675     092012880007470504312  202411260000000000033640067500000370                                                      0         2
F08252146000809131675     252137010005899238042  202411260000000000029820067500000353                                                      0         2
F00009571488135631675     047212920005784704610  202411260000000000073790067500000256                                                      0         2
F08103546032446731675     103512880008601435775  202411260000000000055960067500000386                                                      0         2
F08032613032388731675     032637010005786579715  202411260000000001058960067500000017                                                      0         2
F08181611032338531675     181637010005825216819  202411260000000000030250067500000032                                                      0         2
F08041213001504631675     041200010000000483557  202411260000000000103870067500000296                                                      0         2
F08291913001151231675     291900010000000026530  202411260000000000123740067500000100                                                      0         2
F00009571022984031675     134012920005782569456  202411260000000000309260067500000241                                                      0         2
F08026346032381131675     026337010005824635290  202411260000000000032010067500000031                                                      0         2
F08002646032327131675     002637010005988978068  202411260000000005080250067500000018                                                      0         2
F08087111032248331675     087112880007809850840  202411260000000000060030067500000511                                                      0         2
F08123511032236131675     123537010005905039859  202411260000000000023420067500000512                                                      0         2
F08037913001304831675     037937010005847221319  202411260000000000224680067500000308                                                      0         2
F00009571414335531675     460600030000000009458  202411260000000000104430067500000255                                                      0         2
F08130313000140131675     130337010005995690287  202411260000000000322210067500000099                                                      0         2
F08189911032439231675     189937010005825320446  202411260000000000043330067500000016                                                      0         2
F08068446002002731675     068412880008562551030  202411260000000000034100067500000352                                                      0         2
F08361546032250731675     361512880007731473768  202411260000000000031110067500000351                                                      0         2
F08491413032261531675     103300010000000237087  202411260000000000130700067500000295                                                      0         2
F08110413032244131675     034837010005946186970  202411260000000000208280067500000322                                                      0         2
F08104746032226331675     104712880008361945022  202411260000000000029630067500000369                                                      0         2
F00009544165283931675     096812920005783252413  202411260000000000120920067500000172                                                      0         2
F08446146032271631675     446137010005850461325  202411260000000000041530067500000030                                                      0         2
F08075011032279431675     075012880007916289084  202411260000000000057130067500000510                                                      0         2
F08103446001788431675     103437010005933503742  202411260000000000021890067500000376                                                      0         2
F08040013032312131675     040037010005825688761  202411260000000000026430067500000001                                                      0         2
F00009569072535031675     061912920005784304018  202411260000000000366490067500000538                                                      0         2
F00009571635119231675     051600030000000023035  202411260000000000078010067500000264                                                      0         2
F00009571658029931675     165112920005781925267  202411260000000000085860067500000266                                                      0         2
F00009571663440231675     165112920005781923485  202411260000000000085860067500000267                                                      0         2
F00009571658042631675     165112920005781923540  202411260000000000085860067500000265                                                      0         2
F00009541897744131675     418800030005778812899  202411260000000000325820067500000141                                                      0         2
F08105111002741431675     105100130000000870091  202411260000000000024430067500000155                                                      0         2
F08038911002334731675     038937010005944629882  202411260000000000042110067500000143                                                      0         2
F08273646000081331675     273637010005898998272  202411260000000000075420067500000343                                                      0         2
F08223111000630531675     223137010005900019523  202411260000000000207100067500000144                                                      0         2
F08063911003040131675     063937010005960538128  202411260000000000164860067500000142                                                      0         2
F00009571349405731675     428812920005778720013  202411260000000000100000067500000261                                                      0         2
F08159811000379331675     407100010000000032332  202411260000000000115410467500000156                                                      0         2
F01292311000563731675     292337010005857123557  202411260000000000221390067500000085                                                      0         2
F02999393103159731675     204737010005837070164  202411260000000000019410067500000072                                                      0         2
F05739411007947131675     029312880007594759622  202411260000000000077720067500000083                                                      0         2
F01176511000876531675     176500010000000032906  202411260000000000115680067500000084                                                      0         2
F01306111000268031675     306100010000000018197  202411260000000000083880067500000073                                                      0         2
F00009571502647631675     352300030000000019620  202411260000000000040030067500000262                                                      0         2
F00009571222144831675     029912920005785176188  202411260000000000368650067500000259                                                      0         2
F05739911016532131675     324112880007684587138  202411260000000000060260067500000086                                                      0         2
F00009568913669931675     161100030000000052450  202411260000000000501470067500000537                                                      0         2
F08008907000078431675     008937010005965258140  202411260000000000318700067500000074                                                      0         2
F00009566082835531675     467000030000000006385  202411260000000000209150067500000192                                                      0         2
F08136611000400431675     136637010005904457088  202411260000000000061120067500000151                                                      0         2
F00009571435342231675     033200030000000042145  202411260000000000090570067500000263                                                      0         2
F00009562650617031675     163400030000000008839  202411260000000000150690067500000190                                                      0         2
F00009569768166831675     204100030000000044435  202411260000000000042150067500000223                                                      0         2
F08112911000043531675     112937010005841779431  202411260000000000053500067500000145                                                      0         2
F00009568770425831675     011300030000000075980  202411260000000000049540067500000536                                                      0         2
F08392746000592131675     392700010000000217529  202411260000000000215860067500000203                                                      0         2
F02999393009869831675     363500010000000000166  202411260000000000170630067500000071                                                      0         2
F00009563128966231675     125500030000000002091  202411260000000000061150067500000191                                                      0         2
F00009571333003831675     363812920005779446195  202411260000000000301040067500000260                                                      0         2
F08204446032354631675     348737010005831526913  202411260000000001703010067500000443                                                      0         2
F00009570615013531675     290500030000000023540  202411260000000000112980067500000232                                                      0         2
F00009567826289231675     058600030000000031013  202411260000000000351120067500000216                                                      0         2
F08142611000429131675     142637010005930229518  202411260000000000089360067500000149                                                      0         2
F08402611003179431675     388012880008924453619  202411260000000000023770067500000165                                                      0         2
F01176911000351031675     176937010005838286098  202411260000000000046920067500000079                                                      0         2
F01176911000352931675     176900010000000010920  202411260000000000036650067500000080                                                      0         2
F08099446032485531675     099412880008673622512  202411260000000000062830067500000426                                                      0         2
F08037146000277131675     036937010005980744327  202411260000000000074970067500000117                                                      0         2
F00009567895021731675     411912920005778897410  202411260000000000071230067500000217                                                      0         2
F08007506000005631675     384037010005954824068  202411260000000000026620067500000196                                                      0         2
F00009571940318531675     292300030000000039118  202411260000000000106560067500000270                                                      0         2
F08100311001570131675     100312880007601367321  202411260000000000081650067500000487                                                      0         2
F08055911000283931675     055900010000000081173  202411260000000000073140067500000146                                                      0         2
F00009566689514331675     029412920005785196693  202411260000000000161370067500000214                                                      0         2
F08320646000947231675     320637010005895920884  202411260000000000039590067500000118                                                      0         2
F08039807000226231675     039837010005977852467  202411260000000000173370067500000199                                                      0         2
F00009571490533631675     476912920005778062547  202411260000000000075180067500000194                                                      0         2
F00009571967556831675     409612920005778951449  202411260000000000143520067500000271                                                      0         2
F08049507000089131675     049537010005846293030  202411260000000000300480067500000076                                                      0         2
F08798506000001631675     798537010005826303740  202411260000000000072750067500000195                                                      0         2
F03002011000086131675     154937010005861333340  202411260000000000029020067500000164                                                      0         2
F00009563836507031675     167912920005781887896  202411260000000000758110067500000213                                                      0         2
F08016711001966431675     088000130000001763420  202411260000000000038680067500000150                                                      0         2
F00009568073566231675     411912920005778897436  202411260000000000066650067500000218                                                      0         2
F08065911002145731675     065937010005960463357  202411260000000000030360067500000147                                                      0         2
F00009571685766531675     052912920005792222629  202411260000000000062210067500000268                                                      0         2
F00009571821613631675     029912920005792974337  202411260000000000069600067500000269                                                      0         2
F03166711000039931675     166737010005927758467  202411260000000000029020067500000148                                                      0         2
F00009570735113431675     348412920005779720270  202411260000000000579820067500000233                                                      0         2
F08382106032227231675     016237010005951718046  202411260000000000044100067500000197                                                      0         2
F08051806032227731675     185137010005821323092  202411260000000000063170067500000198                                                      0         2
F00009567268172931675     119112920005782760652  202411260000000000041470067500000193                                                      0         2
F01059911000430831675     059937010005939501520  202411260000000000080160067500000077                                                      0         2
F01026811000810031675     026800010000000028904  202411260000000000205700067500000078                                                      0         2
F08091946002161831675     091900010000000423828  202411260000000000067690067500000425                                                      0         2
F08084411032497731675     084437010005991356480  202411260000000000052590067500000516                                                      0         2
F08252113032280831675     196337010005925545911  202411260000000002360020067500000038                                                      0         2
F00009541857852031675     093500030000000011035  202411260000000000307670067500000140                                                      0         2
F00009559431757231675     441312920005778613772  202411260000000000087980067500000178                                                      0         2
F08189346032331131675     189337010005802070915  202411260000000001569400067500000445                                                      0         2
F00001000174967031675     056600010000000226110  202411260000000001155120067500000056                                                      0         2
F08452646001328231675     452612880009374666443  202411260000000000019450067500000393                                                      0         2
F08240411032241531675     204700010000000254908  202411260000000000093110067500000517                                                      0         2
F08220946032367231675     220937010005796651974  202411260000000001614350067500000039                                                      0         2
F08452146032235731675     452137010005827822554  202411260000000000220650067500000411                                                      0         2
F00001002436932831675     123137010005841339415  202411260000000000055220067500000112                                                      0         2
F08056513000947731675     056537010005940220963  202411260000000000100220067500000105                                                      0         2
F03383013007430931675     383037010005825151113  202411260000000000044770067500000327                                                      0         2
F08003646003152731675     003612880008548197879  202411260000000000025010067500000374                                                      0         2
F08299313032324631675     299337010005987526384  202411260000000000228110067500000328                                                      0         2
F08204546032261131675     204512880008608065582  202411260000000000019960067500000377                                                      0         2
F08273646000085631675     393037010005893224252  202411260000000000075280067500000384                                                      0         2
F08452646001328231675     452612880009374666443  202411260000000000019450067500000394                                                      0         2
F08423746032262131675     232212880007522711020  202411260000000001347410067500000444                                                      0         2
F00001002006665431675     019700010000000195368  202411260000000000130290067500000055                                                      0         2
F08157613000818831675     157637010005883237289  202411260000000000129460067500000106                                                      0         2
F08176113032278231675     176137010005995086029  202411260000000000123300067500000329                                                      0         2
F01024213001541831675     024237010005959156489  202411260000000000154700067500000053                                                      0         2
F08026246032263931675     026237010005818873435  202411260000000000103680067500000441                                                      0         2
F01063013002070731675     063037010000000005930  202411260000000000207780267500000052                                                      0         2
F08476746000889131675     476712880007906213824  202411260000000000020170067500000372                                                      0         2
F08046613032252531675     046637010005776281098  202411260000000001480070067500000037                                                      0         2
F00009560254337831675     409312920005778955959  202411260000000000068920067500000180                                                      0         2
F00009560137528531675     415412920005778844677  202411260000000000064650067500000179                                                      0         2
F08133713000454531675     133700010000000253360  202411260000000000331220067500000107                                                      0         2
F08089413032265831675     089437010005851089330  202411260000000000208650067500000040                                                      0         2
F08453346000029931675     137037010005840540737  202411260000000000408180067500000127                                                      0         2
F00001002142658231675     072600010000000334257  202411260000000000699780067500000054                                                      0         2
F00009555314091031675     210612920005781301310  202411260000000000070530067500000176                                                      0         2
F08164213000822831675     164200010000000307671  202411260000000000221920067500000104                                                      0         2
F08094846000280331675     094837010005934537993  202411260000000000143590067500000128                                                      0         2
F08055813000477431675     055800010000000247696  202411260000000000207900067500000103                                                      0         2
F08452646001328231675     452612880009374666443  202411260000000000019450067500000389                                                      0         2
F00009547271317131675     424512920005775075656  202411260000000001615160067500000182                                                      0         2
F08452646001328231675     452612880009374666443  202411260000000000019450067500000390                                                      0         2
F00009554062804931675     343312920005779818238  202411260000000001410620067500000175                                                      0         2
F02999393100885431675     156912880007860865468  202411260000000000360890067500000061                                                      0         2
F08156446032262131675     016837010005963587332  202411260000000000108260067500000398                                                      0         2
F08407646032287531675     010437010005817718835  202411260000000000638240067500000043                                                      0         2
F08055146032371131675     055112880007854201995  202411260000000000168150067500000036                                                      0         2
F08274113032240631675     274137010005999384067  202411260000000000243070067500000326                                                      0         2
F08195546000993831675     195512880008657340192  202411260000000000020170067500000373                                                      0         2
F08092211001177131675     092212880008697882634  202411260000000000038770267500000044                                                      0         2
F08122746032295431675     422712880007525393282  202411260000000000864130067500000033                                                      0         2
F00009559354002231675     061900030000000008656  202411260000000000289650067500000177                                                      0         2
F08452646001328231675     452612880009374666443  202411260000000000019450067500000391                                                      0         2
F08452646001328231675     452612880009374666443  202411260000000000019450067500000392                                                      0         2
F08406246032240931675     224712880007698337546  202411260000000000061070067500000399                                                      0         2
F08110413000142331675     034837010005946186970  202411260000000000142580067500000102                                                      0         2
F08090813032243131675     090837010005825616590  202411260000000000043660067500000034                                                      0         2
F00009541891146731675     014800030000000001775  202411260000000000281320067500000108                                                      0         2
F08120713032278631675     120737010005956419462  202411260000000000096260067500000325                                                      0         2
F00009549530528231675     058600030000000005039  202411260000000000261150067500000183                                                      0         2
F08037513032605131675     388012880009196977243  202411260000000005412970067500000334                                                      0         2
F08053211032231931675     053237010005845963962  202411260000000000154760067500000522                                                      0         2
F08222546000345931675     222537010005858599938  202411260000000000023330067500000382                                                      0         2
F08004646003274131675     004612880009359204078  202411260000000000039180067500000381                                                      0         2
F08042411032328831675     042412880008327919421  202411260000000000053860067500000521                                                      0         2
F08416746000556731675     416737010005852575689  202411260000000000147090067500000129                                                      0         2
F08044846032271731675     044837010005957057084  202411260000000000077680067500000439                                                      0         2
F08299346032315131675     299337010005987619242  202411260000000000217560067500000026                                                      0         2
F00009570814865031675     029412920005785196693  202411260000000000427530067500000236                                                      0         2
F08086011002196831675     086037010005864805021  202411260000000000164950067500000167                                                      0         2
F08482746000405131675     482712880007626045360  202411260000000000025150067500000346                                                      0         2
F08222513032235631675     222537010005858600014  202411260000000000120550067500000323                                                      0         2
F00009552001168231675     173300030000000008942  202411260000000000148120067500000174                                                      0         2
F08056213032266931675     056237010005940298091  202411260000000000746890067500000302                                                      0         2
F08092046032402931675     092012880007470504312  202411260000000000035420067500000371                                                      0         2
F08452646001328231675     452612880009374666443  202411260000000000019450067500000387                                                      0         2
F08163146032312131675     163137010005825929351  202411260000000000006070067500000029                                                      0         2
F08373713032250131675     160612880007555449022  202411260000000000900440067500000290                                                      0         2
F08416411000409531675     127837010005885407220  202411260000000000077520067500000168                                                      0         2
F08340413032246731675     340437010005910163015  202411260000000000076480067500000303                                                      0         2
F08187311032225631675     187337010005837893659  202411260000000000223170067500000506                                                      0         2
F08070746032260331675     070712880007463933734  202411260000000000063670067500000367                                                      0         2
F08050013032325831675     050037010005849825726  202411260000000000042940067500000027                                                      0         2
F08064213001531831675     064200010000000378240  202411260000000000051040067500000291                                                      0         2
F00009570815562231675     064512920005784186260  202411260000000000261020067500000237                                                      0         2
F08045011032246931675     043612880008137056821  202411260000000000141060067500000507                                                      0         2
F08294813032314331675     448837010005813665370  202411260000000000930870067500000013                                                      0         2
F08452646001328231675     452612880009374666443  202411260000000000019450067500000388                                                      0         2
F00009570761827031675     103112920005783071044  202411260000000000101460067500000257                                                      0         2
F08110146001559831675     110112880008513053480  202411260000000000025820067500000347                                                      0         2
F08120713032278631675     120737010005956419462  202411260000000000904150067500000324                                                      0         2
F08003511032307531675     003537010005824407424  202411260000000000214570067500000505                                                      0         2
F08423413032259331675     423437010005826298690  202411260000000000062680067500000320                                                      0         2
F00008482280541431675     064200010000000057460  202411260000000000294520067500000050                                                      0         2
F08416046032272731675     416037010005991172583  202411260000000000241330067500000438                                                      0         2
F08001446032372131675     001412880008588473184  202411260000000000029630067500000368                                                      0         2
F08340513032225231675     340537010005910214183  202411260000000000044470067500000321                                                      0         2
F00009550840385131675     103400030000000022228  202411260000000000143000067500000184                                                      0         2
F08092211001177131675     092212880008697882638  202411260000000000038770267500000448                                                      0         2
F08292146032282331675     032637010005776805410  202411260000000001423220067500000447                                                      0         2
F02999393999977931675     188300010000000300880  202411260000000000292280067500000060                                                      0         2
F08092211001177131675     092212880008697882634  202411260000000000040930267500000468                                                      0         2
F02999393105399031675     056837010005806577755  202411260000000000021340067500000063                                                      0         2
F08424746032367631675     424737010005825978255  202411260000000000014170067500000041                                                      0         2
F08353946032238931675     353900010000000274078  202411260000000000028320067500000383                                                      0         2
F08023311032275131675     023337010005991082029  202411260000000000053420067500000523                                                      0         2
F08092011032747931675     092037010005799596940  202411260000000001009610067500000042                                                      0         2
F08004146032375331675     004112880008357158186  202411260000000000030670067500000380                                                      0         2
F08092211001177131675     092212880008697882634  202411260000000000040930267500000470                                                      0         2
F00009555554218831675     386900030000000002753  202411260000000000655100067500000185                                                      0         2
F08471913032240131675     471937010005984927981  202411260000000000135380067500000331                                                      0         2
F00001002008667231675     034837010005946186970  202411260000000000100210067500000057                                                      0         2
F08100646000814631675     100612880008166182414  202411260000000000107990067500000395                                                      0         2
F08452646001328231675     452612880009374666443  202411260000000000213990067500000378                                                      0         2
F08024013032350931675     024037010005777746183  202411260000000002968510067500000333                                                      0         2
F08306113032246131675     306112880008173716496  202411260000000000118150067500000332                                                      0         2
F08498246032349131675     498237010005799080382  202411260000000000066440067500000400                                                      0         2
F08003146000052731675     003137010005955684561  202411260000000000191170067500000126                                                      0         2
F08452111032246331675     452137010005827822554  202411260000000000073840067500000518                                                      0         2
F00001002183269331675     111337010005841841510  202411260000000000097550067500000058                                                      0         2
F03051146007471831675     051137010005774077710  202411260000000001028870067500000446                                                      0         2
F08063313032234331675     063337010005796781126  202411260000000000202080067500000330                                                      0         2
F00001002007717831675     041100010000000416005  202411260000000000214830067500000059                                                      0         2
F08092211001177131675     092212880008697882634  202411260000000000040930267500000469                                                      0         2
F02999393028110731675     056837010005806577755  202411260000000000125840067500000062                                                      0         2
F08478146032226431675     018437010005981517340  202411260000000000098190067500000379                                                      0         2
F08092211001177131675     092212880008697882634  202411260000000000040930267500000471                                                      0         2
F08237446001484631675     041137010005899463828  202411260000000000075860067500000335                                                      0         2
F08080611000945931675     080612880008335243083  202411260000000000021210067500000450                                                      0         2
F08292511032288631675     292537010005819122352  202411260000000000021210067500000520                                                      0         2
F08108946004539731675     108912880007395218680  202411260000000000034530067500000397                                                      0         2
F08480711032252131675     480712880007905648118  202411260000000000048090067500000519                                                      0         2
F00009562598592031675     409512920005778948383  202411260000000000168410067500000181                                                      0         2
F08416746000556731675     416737010005852575689  202411260000000000147090067500000130                                                      0         2
F08416746002526631675     416737010005852563044  202411260000000000090970067500000396                                                      0         2
F08034113032318131676     388012880008850658514  202411260000000009391730067600000246                                                      0         2
F08016111032729731676     927800000000000485421  202411260000000000891230067600000036                                                      0         2
F08234646000764131676     264600000000003502077  202411260000000000075300267600000113                                                      0         2
F08468011032232531676     846200000000000122113  202411260000000001128130067600000023                                                      0         2
F08487713032263331676     894400000000000405409  202411260000000000429270067600000031                                                      0         2
F08405346032232931676     969400000000000063703  202411260000000000006820067600000013                                                      0         2
Z0005360000000000000000000000000014890154
