A2600100              CAIXA SEGURADORA SA 104CAIXA ECON. FEDERAL 2024112600137604DEBITO AUTOMATICO
F08411646001032929813     411600070000901639815  202411260000000000019450081300005874                                                   0001         0
F08333913032233129813     333900010000000027545  202411260000000000172050081300005403                                                   0001         0
F08351946002074429813     351900080000534209721  202411260000000000030460081300005543                                                   0001         0
F08333946032271829813     333900010000000021628  202411260000000000165970081300005409                                                   0001         0
F00009572394772029813     056000030000000072699  202411260000000000203390081300001383                                                   0001         0
Z0061470000000008479102200000000000000000
