A2912090              CAIXA SEGURADORA SA 104CAIXA ECON. FEDERAL 2024091700090603                                                                     
G431600030000000004344    2024091620240918896500000003000010421087372509525638000000000000000030000000315000000010000                            1    
G431600030000000004344    2024091620240918896500000003000010421087372509525681000000000000000030000000315000000020000                            1    
G431600030000000004344    2024091620240918896600000003000010421087372509525369100000000000000030000000315000000030000                            1    
G431600030000000004344    2024091620240918896600000003000010421087372509525444200000000000000030000000315000000040000                            1    
G431600030000000004344    2024091620240918896600000003000010421087372509525544900000000000000030000000315000000050000                            1    
G431600030000000004344    2024091620240918896600000003000010421087372509525558900000000000000030000000315000000060000                            1    
G431600030000000004344    2024091620240918896600000003000010421087372509525649600000000000000030000000315000000070000                            1    
G431600030000000004344    2024091620240918896700000003000010421087372509525541400000000000000030000000315000000080000                            1    
G431600030000000004344    2024091620240918896700000003000010421087372509525542200000000000000030000000315000000090000                            1    
G431600030000000004344    2024091620240918896700000003000010421087372509525557000000000000000030000000315000000100000                            1    
G431600030000000004344    2024091620240918896700000003000010421087372509525646100000000000000030000000315000000110000                            1    
G431600030000000004344    2024091620240918896800000003000010421087372509525405100000000000000030000000315000000120000                            1    
G431600030000000004344    2024091620240918896800000003000010421087372509525566000000000000000030000000315000000130000                            1    
G431600030000000004344    2024091620240918896900000003000010421087372509525373000000000000000030000000315000000140000                            1    
G431600030000000004344    2024091620240918896900000003000010421087372509525401900000000000000030000000315000000150000                            1    
G431600030000000004344    2024091620240918896900000003000010421087372509525477900000000000000030000000315000000160000                            1    
G431600030000000004344    2024091620240918896900000003000010421087372509525478700000000000000030000000315000000170000                            1    
G431600030000000004344    2024091620240918896900000003000010421087372509525551100000000000000030000000315000000180000                            1    
G431600030000000004344    2024091620240918896900000003000010421087372509525565100000000000000030000000315000000190000                            1    
G431600030000000004344    2024091620240918896900000003000010421087372509525640200000000000000030000000315000000200000                            1    
G431600030000000004344    2024091620240918896900000003000010421087372509525655000000000000000030000000315000000210000                            1    
G431600030000000004344    2024091620240918896100000003000010421087372509525486800000000000000030000000315000000220000                            1    
G431600030000000004344    2024091620240918896100000003000010421087372509525473600000000000000030000000315000000230000                            1    
G431600030000000004344    2024091620240918896100000003000010421087372509525472800000000000000030000000315000000240000                            1    
G431600030000000004344    2024091620240918896100000003000010421087372509525471000000000000000030000000315000000250000                            1    
G431600030000000004344    2024091620240918896100000003000010421087372509525425600000000000000030000000315000000260000                            1    
G431600030000000004344    2024091620240918896100000003000010421087372509525413200000000000000030000000315000000270000                            1    
G431600030000000004344    2024091620240918896100000003000010421087372509525384500000000000000030000000315000000280000                            1    
G431600030000000004344    2024091620240918896000000003000010421087372509525669000000000000000030000000315000000290000                            1    
G431600030000000004344    2024091620240918896000000003000010421087372509525654200000000000000030000000315000000300000                            1    
G431600030000000004344    2024091620240918896000000003000010421087372509525577500000000000000030000000315000000310000                            1    
G431600030000000004344    2024091620240918896000000003000010421087372509525503100000000000000030000000315000000320000                            1    
G431600030000000004344    2024091620240918896000000003000010421087372509525501500000000000000030000000315000000330000                            1    
G431600030000000004344    2024091620240918896000000003000010421087372509525500700000000000000030000000315000000340000                            1    
G431600030000000004344    2024091620240918896000000003000010421087372509525476000000000000000030000000315000000350000                            1    
G431600030000000004344    2024091620240918896000000003000010421087372509525400000000000000000030000000315000000360000                            1    
G431600030000000004344    2024091620240918896100000003000010421087372509525489200000000000000030000000315000000370000                            1    
G431600030000000004344    2024091620240918896100000003000010421087372509525617800000000000000030000000315000000380000                            1    
G431600030000000004344    2024091620240918896100000003000010421087372509525618600000000000000030000000315000000390000                            1    
G431600030000000004344    2024091620240918896100000003000010421087372509525664000000000000000030000000315000000400000                            1    
G431600030000000004344    2024091620240918896200000003000010421087372509525437000000000000000030000000315000000410000                            1    
G431600030000000004344    2024091620240918896200000003000010421087372509525499000000000000000030000000315000000420000                            1    
G431600030000000004344    2024091620240918896200000003000010421087372509525571600000000000000030000000315000000430000                            1    
G431600030000000004344    2024091620240918896200000003000010421087372509525573200000000000000030000000315000000440000                            1    
G431600030000000004344    2024091620240918896200000003000010421087372509525585600000000000000030000000315000000450000                            1    
G431600030000000004344    2024091620240918896200000003000010421087372509525660700000000000000030000000315000000460000                            1    
G431600030000000004344    2024091620240918896200000003000010421087372509525661500000000000000030000000315000000470000                            1    
G431600030000000004344    2024091620240918896200000003000010421087372509525675500000000000000030000000315000000480000                            1    
G431600030000000004344    2024091620240918896200000003000010421087372509525676300000000000000030000000315000000490000                            1    
G431600030000000004344    2024091620240918896300000003000010421087372509525421300000000000000030000000315000000500000                            1    
G431600030000000004344    2024091620240918896300000003000010421087372509525482500000000000000030000000315000000510000                            1    
G431600030000000004344    2024091620240918896300000003000010421087372509525483300000000000000030000000315000000520000                            1    
G431600030000000004344    2024091620240918896300000003000010421087372509525535000000000000000030000000315000000530000                            1    
G431600030000000004344    2024091620240918896300000003000010421087372509525584800000000000000030000000315000000540000                            1    
G431600030000000004344    2024091620240918896300000003000010421087372509525597000000000000000030000000315000000550000                            1    
G431600030000000004344    2024091620240918896300000003000010421087372509525629100000000000000030000000315000000560000                            1    
G431600030000000004344    2024091620240918896300000003000010421087372509525673900000000000000030000000315000000570000                            1    
G431600030000000004344    2024091620240918896400000003000010421087372509525434500000000000000030000000315000000580000                            1    
G431600030000000004344    2024091620240918896400000003000010421087372509525494900000000000000030000000315000000590000                            1    
G431600030000000004344    2024091620240918896500000003000010421087372509525431000000000000000030000000315000000600000                            1    
G431600030000000004344    2024091620240918896500000003000010421087372509525533300000000000000030000000315000000610000                            1    
G431600030000000004344    2024091620240918896500000003000010421087372509525546500000000000000030000000315000000620000                            1    
G431600030000000004344    2024091620240918896500000003000010421087372509525637200000000000000030000000315000000630000                            1    
Z00006500000000000189000                                                                                                                              
