A2912090              CAIXA SEGURADORA SA 104CAIXA ECON. FEDERAL 2024091700090603                                                                     
Z00006500000000000189000                                                                                                                              
