A2608800              CAIXA SEGURADORA SA 104CAIXA ECON. FEDERAL 2024112600137604DEBITO AUTOMATICO
F00001000008827529821     039000130000000819437  202411260000000000187130082100000816                                                   0001         0
F00001000014097429815     071300010000000008480  202411260000000000275210081500000013                                                   0001         0
F00001000014097429815     071300010000000008480  202411260000000000275210081500000014                                                   0001         0
F00001000038283829821     097500010000001522892  202411260000000000316870082100003568                                                   0001         0
F00001000040049029821     139900010000001002408  202411260000000000295470082100003572                                                   0001         0
F00001000042889129821     425000030000009003903  202411260000000000237270082100003583                                                   0001         0
F00001000042889429821     139900010000001039921  202411260000000000174970082100003584                                                   0001         0
F00001000042923029821     093200080000145073314  202411260000000000093430082100003585                                                   0001         0
F00001000042938429821     097500010000001500538  202411260000000000210740082100003587                                                   0001         0
F00001000043011829821     138600010000001213882  202411260000000000233750082100003590                                                   0001         0
F00001000043025729821     156500010000000002074  202411260000000000413970082100003591                                                   0001         0
F00001000043038529821     197100010000000000109  202411260000000000635080082100003592                                                   0001         0
F00001000043054029821     169900010000000002120  202411260000000000169150082100003595                                                   0001         0
F00001000043098329821     255500010000000002404  202411260000000000889820082100003597                                                   0001         0
F00001000043132329821     106600010000000025535  202411260000000000189360082100003603                                                   0001         0
F00001000043155429821     008500010000000318533  202411260000000000174970082100003607                                                   0001         0
F00001000043609029821     000800010000003183566  202411260000000000303460082100003609                                                   0001         0
F00001000043722529821     085400010000001039786  202411260000000000174970082100003611                                                   0001         0
F00001000043748229821     255500010000001000260  202411260000000000177400082100003615                                                   0001         0
F00001000043773129821     000800010000003178694  202411260000000000169150082100003616                                                   0001         0
F00001000043773529821     164000010000000418642  202411260000000000254630082100003617                                                   0001         0
F00001000044947329821     233600010000000001253  202411260000000000635170082100003620                                                   0001         0
F00001000045105729821     082900010000000000790  202411260000000001031860082100003621                                                   0001         0
F00001000045149029821     062800010000000013130  202411260000000000254630082100003622                                                   0001         0
F00001000045941829821     082900010000000202261  202411260000000000741440082100003624                                                   0001         0
F00001000046741829821     068600010000000076324  202411260000000001059480082100003631                                                   0001         0
F00001000046743529821     138600010000001205928  202411260000000000344750082100003632                                                   0001         0
F00001000047397729821     111500010000000013133  202411260000000000193580082100003638                                                   0001         0
F00001000048754429821     127600010000000201130  202411260000000000811240082100003644                                                   0001         0
F00001000049356029821     137000010000000065009  202411260000000000213850082100003645                                                   0001         0
F00001000049727829821     012500130000001260865  202411260000000000144340082100003646                                                   0001         0
F00001000050774429821     121300010000000042543  202411260000000000237000082100003647                                                   0001         0
F00001000050782729821     168500010000000029587  202411260000000000242180082100003648                                                   0001         0
F00001000050798929821     042300010000000101280  202411260000000000215200082100003654                                                   0001         0
F00001000050816529821     015600130000000601501  202411260000000000864380082100003655                                                   0001         0
F00001000050874929821     037200010000000083595  202411260000000000239230082100003658                                                   0001         0
F00001000050911629821     098500010000000040660  202411260000000000210660082100003659                                                   0001         0
F00001000050948529821     056800010000000173999  202411260000000000237000082100003663                                                   0001         0
F00001000050960229821     011500010000000164970  202411260000000000242180082100003664                                                   0001         0
F00001000050960329821     011500010000000030388  202411260000000000384150082100003665                                                   0001         0
F00001000050965529821     140500010000000011951  202411260000000000177400082100003666                                                   0001         0
F00001000050983629821     089200010000000050937  202411260000000000353860082100003670                                                   0001         0
F00001000051402729821     113000010000000004756  202411260000000000193580082100003675                                                   0001         0
F00001000051402829821     047400010000000033657  202411260000000000323590082100003676                                                   0001         0
F00001000056482029821     062000010000000000913  202411260000000000233910082100003688                                                   0001         0
F00001000056530629821     392500010000000000650  202411260000000000445220082100003691                                                   0001         0
F00001000056578229821     103900010000001004194  202411260000000000317650082100003693                                                   0001         0
F00001000056825329821     127600010000000000402  202411260000000000275650082100003701                                                   0001         0
F00001000057016329821     127600010000000000496  202411260000000000170060082100003709                                                   0001         0
F00001000057126929821     056800010000000153564  202411260000000000237690082100003713                                                   0001         0
F00001000058689029821     059100010000000012400  202411260000000000558430082100003724                                                   0001         0
F00001000063115929821     076100010000000029773  202411260000000000220960082100003736                                                   0001         0
F00001000063170029821     127600010000000000801  202411260000000000494770082100003737                                                   0001         0
F00001000063177629821     004900010000009411033  202411260000000000197280082100003738                                                   0001         0
F00001000063178629821     239100010000000020525  202411260000000000296260082100003739                                                   0001         0
F00001000063179829821     038800010000000130000  202411260000000000494770082100003740                                                   0001         0
F00001000063191629821     088900010000000057072  202411260000000000391100082100003742                                                   0001         0
F00001000063197529821     127600010000000000542  202411260000000000480690082100003743                                                   0001         0
F00001000063205729821     039700010000000021383  202411260000000000159810082100003744                                                   0001         0
F00001000064417429821     095700010000000262759  202411260000000000286470082100003758                                                   0001         0
F00001000067081029821     170000010000000028726  202411260000000000183650082100003761                                                   0001         0
F00001000067755429821     091500010000000246304  202411260000000000183650082100003765                                                   0001         0
F00001000067755529821     091500010000000246304  202411260000000000183650082100003766                                                   0001         0
F00001000067763829821     188000010000000001542  202411260000000000430670082100003768                                                   0001         0
F00001000069166129821     004700010000000209303  202411260000000000955030082100003770                                                   0001         0
F00001000069878329821     039100010000000088523  202411260000000000174400082100003774                                                   0001         0
F00001000069921629821     055400010000000060373  202411260000000000631030082100003776                                                   0001         0
F00001000070543929821     074400010000000019856  202411260000000000183650082100003778                                                   0001         0
F00001000070545229821     371000010000000205059  202411260000000001594520082100003779                                                   0001         0
F00001000070547729821     156500010000000046373  202411260000000000312550082100003780                                                   0001         0
F00001000070552729821     081200010000000086781  202411260000000000307350082100003782                                                   0001         0
F00001000070555029821     047500010000000033024  202411260000000000430530082100003783                                                   0001         0
F00001000070555229821     040800010000000227710  202411260000000000286470082100003784                                                   0001         0
F00001000070561129821     053600010000000131787  202411260000000000251690082100003785                                                   0001         0
F00001000070568029821     038900010000000137426  202411260000000000574460082100003786                                                   0001         0
F00001000070568829821     009800010000000212760  202411260000000000230000082100003787                                                   0001         0
F00001000070571929821     035100010000000570726  202411260000000000273050082100003788                                                   0001         0
F00001000070579629821     042500010000000155216  202411260000000000205610082100003789                                                   0001         0
F00001000070582029821     120100010000000020013  202411260000000000168120082100003790                                                   0001         0
F00001000070585329821     164000010000000430782  202411260000000000252970082100003792                                                   0001         0
F00001000072531329821     150900010000000003016  202411260000000000162300082100003802                                                   0001         0
F00001000074821029821     168800010000000007130  202411260000000000116730082100003808                                                   0001         0
F00001000074831029821     007100010000000090285  202411260000000000162300082100003809                                                   0001         0
F00001000074838229821     039100010000000077971  202411260000000000157240082100003812                                                   0001         0
F00001000074838329821     038500010000000051325  202411260000000000314280082100003813                                                   0001         0
F00001000075273629821     033200010000000234536  202411260000000000287090082100003814                                                   0001         0
F00001000075282729821     075900130000070010470  202411260000000000669640082100003816                                                   0001         0
F00001000075325829821     009500010000000188634  202411260000000000515670082100003821                                                   0001         0
F00001000076465829821     314400010000000017140  202411260000000000212350082100003825                                                   0001         0
F00001000078377429821     163000010000000003669  202411260000000000528140082100003826                                                   0001         0
F00001000078438129821     012100130000000704156  202411260000000000265380082100003828                                                   0001         0
F00001000078859529821     028500010000000056641  202411260000000000213280082100003833                                                   0001         0
F00001000078860229821     154600010000000039551  202411260000000000355650082100003834                                                   0001         0
F00001000078868129821     023800130000002345397  202411260000000000352190082100003835                                                   0001         0
F00001000078869529821     111100010000000000471  202411260000000000213280082100003836                                                   0001         0
F00001000078876329821     028700010000000068276  202411260000000000216510082100003837                                                   0001         0
F00001000078876929821     010500010000000176566  202411260000000000162360082100003838                                                   0001         0
F00001000078877329821     052800010000000040699  202411260000000000157320082100003839                                                   0001         0
F00001000078879329821     042700010000000028568  202411260000000000307440082100003840                                                   0001         0
F00001000078895029821     102900010000000066353  202411260000000000192970082100003841                                                   0001         0
F00001000078900329821     178800010000000005718  202411260000000000170810082100003842                                                   0001         0
F00001000080366029821     040300010000000038864  202411260000000000189390082100003855                                                   0001         0
F00001000080635229821     163000010000000259361  202411260000000000194600082100003858                                                   0001         0
F00001000081449129821     168100010000000026225  202411260000000001091150082100003859                                                   0001         0
F00001000083407529821     091100010000000024482  202411260000000000247530082100003862                                                   0001         0
F00001000085773829821     038500010000000050566  202411260000000000209230082100003868                                                   0001         0
F00001000085774029821     166200010000000032949  202411260000000000418340082100003869                                                   0001         0
F00001000085779129821     204600010000000015410  202411260000000000234490082100003870                                                   0001         0
F00001000085781629821     042100010000000022923  202411260000000000379580082100003871                                                   0001         0
F00001000085782029821     056200010000000126009  202411260000000000205400082100003872                                                   0001         0
F00001000085783129821     028900010000000099148  202411260000000000293040082100003873                                                   0001         0
F00001000085783429821     424700070000883570952  202411260000000000257400082100003874                                                   0001         0
F00001000085788129821     037700130000002744930  202411260000000000313680082100003875                                                   0001         0
F00001000085791329821     060700010000000120020  202411260000000000418340082100003876                                                   0001         0
F00001000085797929821     095000010000000022750  202411260000000000173090082100003877                                                   0001         0
F00001000085824229821     044600010000000114042  202411260000000000385240082100003878                                                   0001         0
F00001000085827129821     148500010000000007942  202411260000000000235270082100003879                                                   0001         0
F00001000090005829821     010900010000000200078  202411260000000000766800082100003882                                                   0001         0
F00001000090176329821     042400010000000076353  202411260000000000367310082100003883                                                   0001         0
F00001000090262429821     010900010000000200078  202411260000000000766800082100003884                                                   0001         0
F00001000093637629821     138600010000001203500  202411260000000000285310082100003885                                                   0001         0
F00001000093637729821     138600010000001208625  202411260000000000305980082100003886                                                   0001         0
F00001000093858529821     396500010000000001353  202411260000000000205260082100003901                                                   0001         0
F00001000097459229821     036700010000000085477  202411260000000000279230082100003912                                                   0001         0
F00001000097546829821     064300010000003126484  202411260000000000178900082100003913                                                   0001         0
F00001000097546929821     112300010000000008710  202411260000000000113890082100003914                                                   0001         0
F00001000097560529821     042200010000000055266  202411260000000000299760082100003918                                                   0001         0
F00001000098019429821     016400130000000704207  202411260000000000178900082100003921                                                   0001         0
F00001000099122529821     099400010000000021958  202411260000000000175710082100003937                                                   0001         0
F00001000099393329821     239400010000000006758  202411260000000000234720082100003938                                                   0001         0
F00001000100616629821     216200010000000030428  202411260000000000195930082100003942                                                   0001         0
F00001000101219429821     205200010000000005670  202411260000000000965840082100003945                                                   0001         0
F00001000101222329821     005500010000000461200  202411260000000000220610082100003946                                                   0001         0
F00001000101224329821     134800080000154796358  202411260000000000551130082100003947                                                   0001         0
F00001000101226129821     037300010000000417049  202411260000000000220610082100003949                                                   0001         0
F00001000101231629821     159400010000000004504  202411260000000000274830082100003950                                                   0001         0
F00001000101240029821     001400010000002906893  202411260000000000418890082100003951                                                   0001         0
F00001000101242729821     037200010000000282431  202411260000000000276610082100003952                                                   0001         0
F00001000102067729821     178500010000000019194  202411260000000002373250082100003954                                                   0001         0
F00001000113515729821     069800010000000021592  202411260000000000173680082100003958                                                   0001         0
F00001000114902729821     023500010000000337893  202411260000000000418310082100003960                                                   0001         0
F00001000114907929821     120500010000000028687  202411260000000000290600082100003961                                                   0001         0
F00001000114910429821     079800010000000035112  202411260000000000217530082100003962                                                   0001         0
F00001000114920629821     059600010000009000100  202411260000000000317750082100003963                                                   0001         0
F00001000114922729821     107300010000000025525  202411260000000000602090082100003964                                                   0001         0
F00001000114928629821     090800010000000031075  202411260000000000175510082100003965                                                   0001         0
F00001000114936129821     078700010000001008496  202411260000000000155750082100003966                                                   0001         0
F00001000114937029821     012900010000000189170  202411260000000000213210082100003967                                                   0001         0
F00001000114938029821     085500010000000024071  202411260000000000194100082100003968                                                   0001         0
F00001000114938929821     085500010000000126745  202411260000000000213210082100003969                                                   0001         0
F00001000114939129821     195500010000000007254  202411260000000000187120082100003970                                                   0001         0
F00001000115368729821     022500010000007622688  202411260000000000271060082100003971                                                   0001         0
F00001000115372229821     118100010000000005009  202411260000000000208370082100003972                                                   0001         0
F00001000115459529821     016000010000000599041  202411260000000000195090082100003979                                                   0001         0
F00001000115463929821     027900010000000084588  202411260000000000136760082100003980                                                   0001         0
F00001000115494929821     047000010000000108000  202411260000000000155050082100003982                                                   0001         0
F00001000117891629821     356200010000000001247  202411260000000000788990082100003983                                                   0001         0
F00001000118231329821     152500010000001008663  202411260000000000249170082100003984                                                   0001         0
F00001000121090929821     001200010000002421589  202411260000000000268590082100003987                                                   0001         0
F00001000122115729821     012200010000000068278  202411260000000000172600082100003988                                                   0001         0
F00001000125865129821     013600010000000068240  202411260000000000169150082100003992                                                   0001         0
F00001000125876529821     015300010000000125807  202411260000000000155230082100003993                                                   0001         0
F00001000125876929821     063600010000000017244  202411260000000000155230082100003994                                                   0001         0
F00001000125878329821     134000010000002057964  202411260000000000150890082100003995                                                   0001         0
F00001000125938929821     049000010000000268333  202411260000000000191450082100003996                                                   0001         0
F00001000125968329821     153200010000000000047  202411260000000000143500082100004002                                                   0001         0
F00001000125982929821     097700010000000001172  202411260000000000175190082100004008                                                   0001         0
F00001000126104529821     015300010000000095029  202411260000000000155230082100004009                                                   0001         0
F00001000126671229821     034400010000000726558  202411260000000000191450082100004013                                                   0001         0
F00001000127736529821     001200010000002703231  202411260000000000895040082100004015                                                   0001         0
F00001000130791729821     323900010000001705861  202411260000000000218310082100004018                                                   0001         0
F00001000132541829821     402500010000000216530  202411260000000000177400082100004019                                                   0001         0
F00001000134297529821     017800010000000007789  202411260000000000232870082100004022                                                   0001         0
F00001000135189629821     034000010000000043050  202411260000000000191330082100004023                                                   0001         0
F00001000135624729821     062100010000000007867  202411260000000000216040082100004024                                                   0001         0
F00001000135705929821     084900010000000034210  202411260000000000156360082100004025                                                   0001         0
F00001000138112829821     277400010000000033670  202411260000000000207930082100004027                                                   0001         0
F00001000139323529819     153200130000000073463  202411260000000000169310081900000187                                                   0001         0
F00001000139478229821     025100010000000039822  202411260000000000547650082100004029                                                   0001         0
F00001000139484229821     015100010000000366048  202411260000000000193600082100004030                                                   0001         0
F00001000139500729821     034500010000000756975  202411260000000000357630082100004031                                                   0001         0
F00001000139501229821     092500010000000021706  202411260000000000215730082100004032                                                   0001         0
F00001000139563929821     013300010000000276350  202411260000000000172220082100004043                                                   0001         0
F00001000145805029821     207900010000001102316  202411260000000000288720082100004050                                                   0001         0
F00001000146526529821     230100010000002301792  202411260000000000246350082100004052                                                   0001         0
F00001000147847629821     223100010000000266850  202411260000000000157800082100004054                                                   0001         0
F00001000148594929821     097500010000001525298  202411260000000000166780082100004063                                                   0001         0
F00001000151583429821     012800010000000088948  202411260000000000125410082100004064                                                   0001         0
F00001000156444729820     230100130000006358644  202411260000000000165020082000000714                                                   0001         0
F00001000158567329821     008900010000000223550  202411260000000000260580082100004068                                                   0001         0
F00001000158628029821     406600010000000227756  202411260000000000194950082100004069                                                   0001         0
F00001000158640929821     065000130000002080695  202411260000000000486140082100004070                                                   0001         0
F00001000158836329821     190800010000000000431  202411260000000000242990082100004072                                                   0001         0
F00001000158861429821     089100010000000012452  202411260000000000156320082100004073                                                   0001         0
F00001000158861929821     031700010000000134955  202411260000000000242990082100004074                                                   0001         0
F00001000158864529821     085900010000001038388  202411260000000000156320082100004075                                                   0001         0
F00001000158864629821     050400130000000982468  202411260000000000208390082100004076                                                   0001         0
F00001000158866829821     014900130000000460756  202411260000000000194300082100004077                                                   0001         0
F00001000158877429821     075800010000000035815  202411260000000000162460082100004078                                                   0001         0
F00001000158882729821     119400010000000035049  202411260000000000173570082100004079                                                   0001         0
F00001000158885629821     048200010000000050989  202411260000000000199660082100004080                                                   0001         0
F00001000158902529821     147200010000000000521  202411260000000000146040082100004082                                                   0001         0
F00001000158928629821     035400010000000283006  202411260000000000161950082100004084                                                   0001         0
F00001000159336429821     227400130000006254266  202411260000000000181850082100004090                                                   0001         0
F00001000159348429821     293000010000000223654  202411260000000000299050082100004091                                                   0001         0
F00001000159377329821     392600010000000000028  202411260000000000162360082100004093                                                   0001         0
F00001000159401329820     153900010000000046428  202411260000000000243860082000000759                                                   0001         0
F00001000159419029821     083900010000000062260  202411260000000000487510082100004094                                                   0001         0
F00001000159419329821     124100010000001042280  202411260000000000146170082100004095                                                   0001         0
F00001000159423629821     071000010000000015758  202411260000000000182690082100004097                                                   0001         0
F00001000159423729821     015100030000005015282  202411260000000000146170082100004098                                                   0001         0
Z0061470000000008479102200000000000000000
