A2613100              CAIXA SEGURADORA SA 104CAIXA ECON. FEDERAL 2024090200404204DEBITO AUTOMATICO                                                    
F00009300036771000006     101000010000000032676  202409020000000000132820000600000001                                                   0001         0
Z0000030000000000001328200000000000000000                                                                                                             
