A2608800              CAIXA SEGURADORA SA 104CAIXA ECON. FEDERAL 2024112900137904DEBITO AUTOMATICO
F00009541063599129817     027500030000000009742  202411200000000000213139981700019259                                                 C60000         0
F00009544386042029815     288200030000000015306  202411180000000000457269981500005780                                                 C60000         0
Z0250600000000023119482700000000000000000
