A2608800              CAIXA SEGURADORA SA 104CAIXA ECON. FEDERAL 2024082600132304DEBITO AUTOMATICO                                                    
F00001000002311729765     294200130000000009600  202409090000000000321580076500000001                                                   0001         0
Z0811080000000074142714600000000000000000                                                                                                             
