A2912087              CAIXA SEGURADORA SA 104CAIXA ECON. FEDERAL 2024090500089803                                                                     
G431600030000000004344    2024090420240906896800000003000010421087372509523789000000000000000030000000315000000010000                            1    
G431600030000000004344    2024090420240906896300000003000010421087372509523845500000000000000030000000315000000020000                            1    
G431600030000000004344    2024090420240906896300000003000010421087372509523830700000000000000030000000315000000030000                            1    
G431600030000000004344    2024090420240906896300000003000010421087372509523743200000000000000030000000315000000040000                            1    
G431600030000000004344    2024090420240906896300000003000010421087372509523741600000000000000030000000315000000050000                            1    
G431600030000000004344    2024090420240906896300000003000010421087372509523740800000000000000030000000315000000060000                            1    
G431600030000000004344    2024090420240906896000000003000010421087372509523782300000000000000030000000315000000070000                            1    
G431600030000000004344    2024090420240906896000000003000010421087372509523783100000000000000030000000315000000080000                            1    
G431600030000000004344    2024090420240906896000000003000010421087372509523795500000000000000030000000315000000090000                            1    
G431600030000000004344    2024090420240906896000000003000010421087372509523796300000000000000030000000315000000100000                            1    
G431600030000000004344    2024090420240906896000000003000010421087372509523825000000000000000030000000315000000110000                            1    
G431600030000000004344    2024090420240906896100000003000010421087372509523746700000000000000030000000315000000120000                            1    
G431600030000000004344    2024090420240906896100000003000010421087372509523820000000000000000030000000315000000130000                            1    
G431600030000000004344    2024090420240906896100000003000010421087372509523821800000000000000030000000315000000140000                            1    
G431600030000000004344    2024090420240906896100000003000010421087372509523822600000000000000030000000315000000150000                            1    
G431600030000000004344    2024090420240906896100000003000010421087372509523835800000000000000030000000315000000160000                            1    
G431600030000000004344    2024090420240906896100000003000010421087372509523838200000000000000030000000315000000170000                            1    
G431600030000000004344    2024090420240906896100000003000010421087372509523839000000000000000030000000315000000180000                            1    
G431600030000000004344    2024090420240906896200000003000010421087372509523790400000000000000030000000315000000190000                            1    
G431600030000000004344    2024090420240906896200000003000010421087372509523834000000000000000030000000315000000200000                            1    
G431600030000000004344    2024090420240906896800000003000010421087372509523815300000000000000030000000315000000210000                            1    
G431600030000000004344    2024090420240906896800000003000010421087372509523816100000000000000030000000315000000220000                            1    
G431600030000000004344    2024090420240906896800000003000010421087372509523774200000000000000030000000315000000230000                            1    
G431600030000000004344    2024090420240906896800000003000010421087372509523726200000000000000030000000315000000240000                            1    
G431600030000000004344    2024090420240906896800000003000010421087372509523710600000000000000030000000315000000250000                            1    
G431600030000000004344    2024090420240906896800000003000010421087372509523681900000000000000030000000315000000260000                            1    
G431600030000000004344    2024090420240906896800000003000010421087372509523861700000000000000030000000315000000270000                            1    
G431600030000000004344    2024090420240906896900000003000010421087372509523784000000000000000030000000315000000280000                            1    
G431600030000000004344    2024090420240906896900000003000010421087372509523799800000000000000030000000315000000290000                            1    
G431600030000000004344    2024090420240906896900000003000010421087372509523812900000000000000030000000315000000300000                            1    
G431600030000000004344    2024090420240906896900000003000010421087372509523813700000000000000030000000315000000310000                            1    
G431600030000000004344    2024090420240906896900000003000010421087372509523814500000000000000030000000315000000320000                            1    
G431600030000000004344    2024090420240906896900000003000010421087372509523828500000000000000030000000315000000330000                            1    
G431600030000000004344    2024090420240906896700000003000010421087372509523804800000000000000030000000315000000340000                            1    
G431600030000000004344    2024090420240906896700000003000010421087372509523760200000000000000030000000315000000350000                            1    
G431600030000000004344    2024090420240906896700000003000010421087372509523729700000000000000030000000315000000360000                            1    
G431600030000000004344    2024090420240906896600000003000010421087372509523854400000000000000030000000315000000370000                            1    
G431600030000000004344    2024090420240906896600000003000010421087372509523852800000000000000030000000315000000380000                            1    
G431600030000000004344    2024090420240906896600000003000010421087372509523851000000000000000030000000315000000390000                            1    
G431600030000000004344    2024090420240906896600000003000010421087372509523806400000000000000030000000315000000400000                            1    
G431600030000000004344    2024090420240906896600000003000010421087372509523779300000000000000030000000315000000410000                            1    
G431600030000000004344    2024090420240906896600000003000010421087372509523762900000000000000030000000315000000420000                            1    
G431600030000000004344    2024090420240906896600000003000010421087372509523718100000000000000030000000315000000430000                            1    
G431600030000000004344    2024090420240906896600000003000010421087372509523717300000000000000030000000315000000440000                            1    
G431600030000000004344    2024090420240906896600000003000010421087372509523716500000000000000030000000315000000450000                            1    
G431600030000000004344    2024090420240906896600000003000010421087372509523701700000000000000030000000315000000460000                            1    
G431600030000000004344    2024090420240906896600000003000010421087372509523689400000000000000030000000315000000470000                            1    
G431600030000000004344    2024090420240906896600000003000010421087372509523686000000000000000030000000315000000480000                            1    
G431600030000000004344    2024090420240906896500000003000010421087372509523856000000000000000030000000315000000490000                            1    
G431600030000000004344    2024090420240906896500000003000010421087372509523840400000000000000030000000315000000500000                            1    
G431600030000000004344    2024090420240906896400000003000010421087372509523844700000000000000030000000315000000510000                            1    
G431600030000000004344    2024090420240906896400000003000010421087372509523767000000000000000030000000315000000520000                            1    
G431600030000000004344    2024090420240906896400000003000010421087372509523708400000000000000030000000315000000530000                            1    
G431600030000000004344    2024090420240906896400000003000010421087372509523707600000000000000030000000315000000540000                            1    
G431600030000000004344    2024090420240906896400000003000010421087372509523706800000000000000030000000315000000550000                            1    
G431600030000000004344    2024090420240906896400000003000010421087372509523705000000000000000030000000315000000560000                            1    
G431600030000000004344    2024090420240906896300000003000010421087372509523847100000000000000030000000315000000570000                            1    
Z00005900000000000171000                                                                                                                              
