A21028370056          CIELO               104CAIXA               2024090300128804                                                                     
Z00000000000000000000000                                                                                                                              
