A2613100              CAIXA SEGURADORA SA 104CAIXA ECON. FEDERAL 2024090200404204DEBITO AUTOMATICO                                                    
Z0000030000000000001328200000000000000000                                                                                                             
