A2603900              CAIXA SEGURADORA SA 104CAIXA ECON. FEDERAL 2024112600656804DEBITO AUTOMATICO
F00009572780711731675     134012920005773464728  202411260000000001009080467500000276                                                      0         2
F00009541063718831676     108200030000000000587  202411270000000000133450067600000082                                                      0         2
F08043211001637831676     043237010005980438091  202411270000000000166090267600000157                                                      0         2
F08161313032342131677     606300000000000021674  202411270000000017563581467700000192                                                      0         2
F00009569622384431677     600000000000001351699  202411270000000000065510267700000162                                                      0         2
Z0003640000000000000000000000000017575412
